1811 3132
806 171 866 218 23

103 304 234 354 ipsum
264 295 516 336 Athenaeum
550 297 591 332 et
620 289 802 331 Eustath.
832 289 873 329 in
904 289 1050 341 Odyss.
1082 299 1119 340 p.
1149 287 1250 330 219.
1280 289 1342 330 ed.
1373 290 1484 344 Lips.
1516 290 1567 331 li-

103 374 168 412 cet
197 362 391 408 invenire.

240 436 299 475 Ex
330 433 473 473 eodem
503 432 608 472 libro
639 430 859 470 secundum
893 431 1161 480 fragmentum
1193 430 1362 471 Photius
1393 432 1568 471 servavit

106 510 144 549 in
177 507 272 547 Lex.
303 515 338 542 v.
364 497 584 541 Τιτανίδα
614 497 716 554 γῆν;
748 489 923 554 Ἴστρος
952 493 993 540 δ’
1035 496 1081 541 ἕν
1121 494 1150 540 ά
1179 493 1390 542 Ἀττικῶν
1424 499 1568 542 Τιτᾶ-

103 588 182 625 νας
202 571 336 627 βοᾶν·
371 565 602 625 ἐβοήθουν
632 564 719 624 γάρ
749 567 845 616 τοῖς
876 560 1146 625 ἀνθρώποις
1172 565 1486 621 ἐπακούοντες,
1510 563 1569 620 ὦς

106 638 360 698 Νίκανδρος
390 635 435 682 ἐν
467 635 494 680 ά
519 633 802 681 Αἰτωλικῶν.

243 709 427 752 Tertium
457 708 562 762 apud
593 708 828 761 Harpocrat.
857 721 892 748 v.
930 703 1123 749 Θὺστιον
1153 722 1191 762 p.
1224 709 1293 751 99.
1323 673 1447 750 Bekk.
1514 706 1568 749 Θ.
1625 719 1635 728 ·

103 778 323 836 Αἰσχίνης
346 776 810 833 κατὰΚτησιφῶντος.
835 773 972 827 πόλις
1000 772 1094 819 ἐστὶ
1112 777 1193 834 τῆς
1210 773 1461 828 Αἰτωλίας,
1492 790 1570 818 κα-

104 847 172 895 θά
205 862 317 908 φησι
346 845 551 902 Δίδυμος
575 842 858 903 ἐπαγόμενος
881 845 1128 905 μαρτύριον
1153 844 1208 891 ’ἐκ
1236 848 1317 904 τῆς
1347 845 1376 890 ά
1397 842 1569 889 Νικάν-

106 921 215 979 δρου
248 919 334 962 τῶν
360 914 643 961 Αἰτωλικῶν.

246 993 441 1043 Quartum
472 989 702 1031 Athenaeus
740 989 904 1030 exhibet
949 988 1015 1038 Xl,
1056 1001 1092 1042 p.
1128 987 1213 1029 477
1243 988 1281 1029 b.
1314 983 1573 1042 Νίκανδρος

108 1056 146 1103 δ’
170 1054 194 1102 ὁ
228 1057 529 1115 Κολοφώνιος
557 1055 602 1101 ἒν
629 1057 694 1114 τῷ
712 1054 880 1116 πρώτῳ
898 1057 986 1099 τῶν
1005 1053 1277 1099 Αἰτωλικῶν
1296 1052 1466 1114 γράφει
1497 1051 1571 1109 ,,ἒν

107 1129 164 1187 τῇ
195 1123 427 1187 ἱεροποιίῃ
469 1127 551 1171 τοῦ
582 1124 841 1182 Διδυμαίου
876 1124 992 1178 Διὸς
1022 1127 1181 1170 κισσοῦ
1207 1124 1572 1170 σπονδοποιέον-

107 1211 184 1241 ται
213 1194 497 1246 πετάλοισιν,
524 1193 636 1240 ὅθεν
660 1195 717 1240 τὰ
749 1191 918 1254 ἀρχαῖα
948 1192 1198 1250 ἐκπώματα
1224 1196 1434 1249 κισσύβια
1472 1208 1572 1252 φω-

108 1264 307 1309 νέεται.“
356 1260 581 1323 ’Όμηρος

281 1329 533 1389 Κισσύβιον
563 1332 679 1388 μετὰ
708 1331 859 1392 χερσὶν
889 1327 1000 1387 ἔχων
1025 1331 1220 1387 μέλανος
1247 1327 1405 1375 οἴνοιο.

247 1406 356 1447 Haec
383 1406 559 1447 Macrob.
591 1406 753 1450 Saturn.
783 1406 827 1454 V,
856 1404 911 1446 31
947 1406 991 1446 Τ.
1024 1405 1067 1446 11.
1090 1418 1129 1458 p.
1163 1404 1245 1445 145
1270 1405 1359 1458 Bip.
1390 1406 1573 1459 exscrip-

111 1476 177 1526 sit,
223 1477 319 1517 item
350 1476 587 1519 Eustathius
611 1489 650 1529 p.
685 1474 817 1525 1832,
861 1475 910 1524 8,
951 1476 1019 1516 ubi
1050 1476 1196 1529 primis
1225 1475 1391 1517 omissis
1420 1476 1572 1524 verbis,

109 1544 372 1604 Δινδυμαίῳ
414 1543 494 1590 Διὶ
534 1554 576 1590 et
613 1548 807 1601 deinceps
845 1541 1021 1603 τάρχαῖ’
1048 1548 1211 1601 legitur.
1269 1548 1398 1589 Voces
1438 1553 1573 1588 autem

108 1616 301 1659 Nicandri
339 1618 527 1659 versibus
558 1618 654 1659 olim
685 1617 1000 1670 comprehensas
1034 1618 1160 1659 luisse
1191 1629 1282 1658 cum
1314 1617 1573 1658 manifestum

110 1685 186 1737 sit,
227 1686 459 1728 Athenaeus
496 1686 635 1728 nescio
672 1699 793 1740 quem
833 1692 1040 1728 auctorem
1066 1692 1230 1728 secutus
1276 1692 1360 1735 est,
1404 1686 1472 1739 qui
1502 1685 1573 1742 Ni-

110 1756 280 1796 candrea
310 1756 351 1796 in
382 1767 545 1809 prosam
576 1755 831 1804 dissolverat,
864 1760 908 1796 ut
937 1756 1015 1805 XV,
1040 1768 1077 1808 p.
1100 1754 1187 1796 684
1212 1755 1255 1796 ΙΙ.
1278 1766 1315 1796 e.
1343 1754 1573 1811 prosarium

112 1825 401 1879 Georgicorum
450 1826 514 1867 vel
553 1825 649 1867 libri
691 1826 997 1880 ethnographici
1036 1827 1302 1879 fragmentum
1335 1841 1356 1869 e
1389 1828 1573 1881 Carystio

110 1896 361 1949 Pergameno
400 1897 598 1949 allegavit.
619 1894 655 1945 ι)

249 1964 480 2006 Secundum
511 1965 783 2008 Aetolicorum
823 1965 972 2007 librum
1012 1966 1145 2007 Schol.
1185 1967 1313 2021 Apoll.
1352 1967 1482 2010 Rhod.
1512 1968 1573 2017 IV,

113 2030 179 2074 57.
211 2034 418 2076 excitavit:
463 2032 549 2078 Τὸν
577 2032 624 2078 δὲ
650 2032 905 2089 Ἐνδυμίωνα
935 2034 1125 2087 ςΗσίοδος·
1155 2037 1230 2091 μὲν
1257 2036 1468 2084 Ἀεθλίου
1497 2042 1574 2083 τοῦ

112 2099 217 2152 Διὸς
252 2103 320 2146 καὶ
359 2105 551 2161 Καλίκης
580 2102 714 2148 παῖδα
743 2103 876 2159 λέγει,
913 2104 1031 2161 παρὰ
1063 2107 1166 2159 Διὸς
1194 2106 1394 2164 εἰληφότα
1425 2108 1577 2166 δῶρον,

113 2167 238 2215 αὐτὸν
267 2176 421 2228 ταμίαν
447 2172 554 2219 εἶναι
581 2170 797 2227 θανάτου,
836 2169 907 2219 ὅτε
936 2177 1068 2221 θέλοι
1096 2175 1292 2222 ὀλέσθαι.
1355 2180 1445 2223 Καὶ
1471 2183 1574 2224 Πεί-

113 2239 294 2299 σανδρος
324 2241 371 2286 δὲ
398 2242 450 2287 τὰ
482 2241 588 2287 αὐτά
617 2260 722 2300 φησι
744 2246 813 2288 καὶ
842 2242 1119 2296 Ἀκουσίλαος
1150 2248 1218 2292 καὶ
1243 2246 1481 2304 Φερεκύδης
1509 2249 1578 2291 καὶ

113 2308 343 2366 Νίκανδρος
370 2314 414 2355 ἐν
442 2311 618 2369 δευτέρῳ
648 2313 894 2358 Αἰτωλικῶν
931 2315 1001 2358 καὶ
1033 2310 1284 2370 Θεόπομπος
1312 2315 1334 2359 ὅ
1364 2313 1575 2367 ἐποποιός.

112 2375 179 2417 Sic
211 2379 361 2422 dudum
394 2382 604 2423 emendata
635 2387 700 2423 est
730 2382 930 2435 scriptura
960 2383 1157 2424 librorum
1184 2387 1229 2427 ἐν
1256 2381 1514 2433 'Euan-most.

249 2450 310 2491 Ad
355 2450 532 2492 eundem
573 2449 725 2491 librum
765 2450 921 2492 referre
959 2464 1041 2493 non
1073 2451 1252 2493 dubitavi
1283 2452 1416 2494 locum
1443 2452 1575 2507 Etym.

112 2514 161 2559 Μ.
191 2528 224 2557 v.
250 2514 477 2574 Ἀσέληνα,
512 2519 562 2561 ab
591 2518 792 2560 Meinekio
836 2520 948 2561 Anal.
994 2520 1104 2561 Alex
1132 2533 1172 2573 p.
1214 2503 1295 2561 179
1337 2521 1392 2562 ita
1421 2523 1576 2564 consti-

114 2587 264 2626 tutum·
315 2584 530 2644 ’Λσέληνα
569 2585 645 2644 όρη
686 2582 793 2631 οὕτω
831 2586 1070 2644 καλούμενα
1111 2588 1228 2645 παρὰ
1263 2587 1338 2647 τὴν
1374 2590 1575 2648 Τραχῖνα,

113 2644 215 2709 α’περ
257 2656 298 2697 οἱ
335 2656 411 2711 μὲν
438 2655 554 2710 παρὰ
585 2686 642 2699 ...
655 2654 889 2710 .λε’γουσιν
917 2657 1143 2714 εἰρῆσθαί,
1182 2657 1238 2709 ὥς
1258 2656 1417 2708 Ῥιανὸς
1447 2658 1491 2701 ἓν
1519 2660 1577 2713 τῷ

208 2818 245 2859 l)
269 2820 534 2865 Bernhardyus
568 2824 694 2857 tamen
725 2824 813 2867 post
837 2821 979 2870 γράφει
1016 2821 1231 2868 suspicatur
1254 2820 1468 2856 orationem
1494 2832 1577 2856 esse

115 2874 294 2915 mutilam.
