1811 3132
829 136 886 182 21

129 264 217 304 loco
247 256 348 300 mihi
379 254 578 296 innotuit:
604 249 740 310 υἱῆας
758 253 976 297 identidem
997 255 1235 308 Apollonius
1262 254 1384 296 habet
1409 254 1458 304 ΙΙ,
1491 254 1590 297 119.

127 331 191 381 111,
220 328 320 371 196.
352 323 451 366 256.
482 323 577 366 303.
611 321 710 365 595.
738 322 836 365 713.
891 326 931 366 v.
962 323 1001 365 2.
1035 315 1071 366 ὦ
1097 318 1232 377 ἴσχων
1262 326 1359 368 eoa.
1392 326 1521 379 Paris.
1553 313 1593 380 ᾦ

126 395 261 452 ἰάχων
293 395 415 437 Vatic.
446 384 484 435 ὦ
510 389 648 446 ἴσχεις
680 393 785 435 Gott.
824 384 875 444 ὃς
912 388 1053 447 ἴσχεις
1088 395 1250 450 reliqui.
1308 395 1425 437 Ferri
1456 401 1591 449 potest

126 467 329 510 vocativus
359 478 449 506 cum
481 464 729 505 nominativo
761 465 803 505 in
839 465 979 506 eodem
1012 466 1218 508 enuntiato
1250 467 1425 508 iunctus.
1485 467 1528 507 V.
1551 466 1592 506 3.

127 530 349 592 ἶίμνηστος
380 535 583 576 oblivione
616 535 807 584 obrutus,
842 536 1079 577 vocabulum
1111 550 1246 578 rarum
1279 545 1319 578 et
1348 537 1589 578 Alexandri-

126 609 189 650 nis
229 605 361 660 poetis
404 606 626 659 proprium.
687 605 856 647 Theocr.
890 605 961 656 16,
1002 606 1071 647 42.
1102 608 1300 662 Lycophr.
1336 606 1458 648 1250.
1490 607 1588 649 Cod.

125 676 249 718 Vatic.
279 674 403 715 hahet
432 665 641 730 ἷίμνητον.
701 675 744 715 V.
777 672 815 714 5.
847 675 1190 728 Perperamlibri
1219 674 1452 731 Λυσιακὴ,
1479 674 1587 730 quod

124 746 335 788 barbarum
377 750 453 786 est.
521 745 553 786 E
581 745 689 787 Plut.
723 746 844 787 Thes.
877 745 915 786 7.
946 746 1118 789 Pausan.
1155 747 1247 788 Vlll.
1283 746 1359 796 14,
1397 744 1434 787 2.
1465 745 1587 798 Apol—

123 815 202 857 lod.
230 814 274 855 Π.
302 813 343 863 4,
380 811 420 856 5.
442 813 576 854 Schol.
606 813 726 854 Pind.
748 814 904 867 Olymp.
935 815 1013 864 Vll,
1045 815 1113 856 49.
1145 829 1245 870 quos
1274 816 1385 858 locos
1416 814 1587 856 Schnei—

125 886 246 927 derus
279 884 442 937 collegit
469 884 589 925 Ther.
620 897 660 937 p.
690 883 773 934 xn,
806 885 1068 927 scribendum
1086 880 1331 941 Λυσιδίκη.
1391 885 1450 925 De
1480 898 1515 925 v.
1546 883 1586 923 6.

122 955 318 1006 scriptura
349 953 599 993 Meinekium
643 953 762 994 adeas
803 953 845 993 in
892 954 1003 995 Anal.
1035 954 1144 994 Alex.
1180 967 1219 1006 p.
1247 953 1316 993 46.
1387 952 1586 993 Teuthra-

122 1026 240 1068 nides
271 1026 314 1067 in
344 1026 392 1067 Il.
420 1026 470 1076 Z,
504 1025 542 1070 3.
572 1031 739 1067 vocatur
767 1025 875 1067 filius
909 1026 1193 1075 Teuthrantis,
1225 1026 1336 1079 regis
1365 1024 1475 1065 illius
1502 1023 1585 1076 My-

122 1095 226 1144 siae,
274 1108 393 1149 quem
433 1095 598 1147 Augen,
642 1094 731 1135 Alei
770 1094 892 1135 filiam
944 1095 1151 1148 excepisse
1192 1094 1370 1147 hospitio
1414 1092 1585 1146 eiusque

120 1165 246 1207 tilium
278 1164 501 1218 Telephum
541 1164 741 1206 educasse
780 1165 944 1206 tradunt
985 1164 1277 1219 mythographi.
1347 1164 1407 1205 Ab
1439 1162 1583 1204 eodem

121 1234 367 1275 Teuthrania
408 1234 507 1276 urbs
546 1234 594 1275 ad
639 1234 800 1275 Caicum
831 1236 1006 1284 flumen,
1050 1235 1147 1276 item
1189 1234 1435 1276 Teuthrania
1475 1239 1582 1274 terra

120 1301 228 1343 inter
255 1303 415 1345 Elaeam
448 1309 489 1345 et
517 1304 758 1356 Pergamum
791 1305 891 1354 sita,
925 1318 1073 1346 nomen
1103 1306 1206 1347 tulit.
1276 1305 1453 1347 Attalum
1484 1316 1582 1346 vero

119 1372 418 1414 Teuthraniden
449 1374 624 1427 appellat
652 1365 877 1424 Nicander,
903 1389 983 1416 non
1017 1377 1136 1417 modo
1168 1377 1275 1430 quod
1298 1376 1469 1417 eandem
1498 1374 1583 1428 My-

120 1442 202 1483 siae
235 1443 444 1496 regionem
476 1445 627 1493 tenuit,
670 1445 744 1486 sed
777 1447 884 1499 quod
913 1459 934 1487 a
967 1447 1238 1497 Teuthrante,
1270 1446 1312 1488 ni
1345 1446 1484 1496 fallor,
1514 1451 1583 1488 aut

118 1513 166 1554 ab
199 1513 374 1556 Hercule
417 1520 457 1555 et
488 1514 675 1569 Lysidica
709 1521 837 1557 matre
868 1517 1083 1558 Alcmenae
1114 1518 1283 1571 stirpem
1314 1529 1426 1558 suam
1460 1529 1580 1570 repe-

119 1584 200 1633 tiit,
244 1586 446 1626 communi
489 1585 599 1627 illius
640 1586 783 1628 aetatis
823 1600 959 1638 more,
1011 1601 1112 1642 quae
1155 1588 1313 1641 longam
1350 1587 1580 1641 prosapiam

118 1653 166 1693 ad
209 1654 305 1695 deos
347 1668 476 1708 usque
514 1655 575 1695 vel
607 1655 808 1696 semideos
842 1656 1019 1697 libenter
1047 1657 1230 1698 referret.
1293 1655 1429 1710 ltaque
1458 1655 1580 1696 Attali

117 1720 281 1779 κλῆρον
307 1719 540 1781 πατρώιον
571 1738 651 1767 non
676 1726 892 1779 imperium
923 1739 944 1768 a
975 1732 1089 1780 patre
1120 1732 1330 1780 acceptum
1355 1725 1469 1776 dicit,
1505 1726 1578 1767 sed

116 1794 194 1834 iam
234 1794 283 1835 ab
325 1795 456 1848 ipsius
497 1808 731 1849 possessum
772 1797 1006 1839 maioribus.
1077 1798 1144 1838 Sic
1176 1798 1428 1839 satisfactum
1458 1796 1579 1837 suerit

116 1864 302 1906 Clintono
319 1865 425 1907 Fast.
445 1866 543 1907 Hell.
572 1866 640 1910 18.
701 1867 929 1917 „Nicander
966 1868 1035 1909 did
1069 1874 1140 1909 not
1184 1868 1366 1909 dedicate
1393 1874 1434 1908 to
1467 1869 1577 1908 Atta-

115 1935 177 1976 lus
211 1934 238 1975 Ι.
265 1934 306 1974 Γ
305 1933 570 1993 αλατονίκῃ,
619 1938 755 1979 whose
803 1939 933 1979 father
968 1952 1092 1980 never
1133 1939 1355 1992 reigned.“
1396 1960 1449 1968 —
1521 1938 1578 1978 De

114 2004 336 2059 Hipodame
370 2008 582 2061 Lysidicae
636 2014 787 2059 matre,
843 2023 943 2064 quae
976 2023 1060 2051 rem
1094 2023 1183 2051 cum
1212 2009 1341 2062 Apide
1374 2007 1574 2052 hahuerit,

114 2076 218 2127 apud
241 2077 342 2118 alios
373 2090 513 2118 rerum
545 2079 811 2132 mythicarum
842 2080 1064 2132 scriptores
1094 2079 1196 2119 nihil
1229 2077 1379 2119 inveni.

246 2146 440 2189 Novimus
479 2154 613 2190 autem
643 2162 664 2190 e
707 2149 917 2192 Theriacis
959 2156 1000 2191 et
1045 2148 1389 2203 Alexipharmacis
1420 2161 1574 2189 morem

113 2213 313 2265 Nicandri,
347 2217 414 2270 qui
445 2217 641 2259 librorum
674 2219 790 2260 initio
823 2219 929 2260 solet
957 2232 1051 2260 eum
1082 2219 1291 2260 nominare
1316 2218 1461 2266 virum,
1510 2218 1574 2258 cui

112 2280 269 2326 labores
309 2299 406 2327 suos
449 2293 584 2340 gratos
617 2301 710 2330 esse
740 2289 861 2340 velit3
898 2303 1071 2345 eumque
1094 2302 1248 2331 morem
1278 2288 1382 2342 apud
1413 2287 1573 2341 pleros-

113 2363 190 2402 que
222 2352 331 2393 illius
355 2355 500 2395 aetatis
523 2356 749 2409 scriptores
775 2357 953 2398 valuisse
986 2362 1156 2406 constat,
1188 2369 1225 2397 v.
1246 2354 1421 2396 Meinek.
1456 2354 1570 2394 Anal.

109 2419 219 2462 Alex.
251 2435 290 2476 p.
329 2423 394 2465 16.
455 2425 593 2480 Itaque
624 2427 700 2469 hoc
732 2428 1002 2480 fragmentum
1034 2429 1074 2470 in
1106 2430 1238 2469 fronte
1265 2426 1358 2468 libri
1391 2425 1441 2467 de
1472 2439 1571 2479 poe-

111 2489 159 2530 tis
189 2493 450 2548 Colophoniis
491 2498 668 2551 positum
712 2499 836 2541 fuisse
875 2514 1043 2551 censeo,
1084 2514 1203 2556 quem
1235 2498 1389 2542 nemini
1421 2498 1570 2540 iustius

109 2572 224 2612 quam
256 2563 333 2617 ipsi
366 2567 497 2608 Attalo
530 2568 705 2611 dedicari
738 2573 1018 2614 conveniebat.

133 2699 140 2707 ⁶
244 2635 443 2679 Carminis
483 2645 616 2682 autem
659 2643 852 2683 iacturam
900 2657 947 2684 eo
978 2646 1105 2698 magis
1140 2646 1324 2689 dolemus
1358 2662 1437 2702 quo
1466 2662 1567 2703 pau—

107 2712 214 2743 ciora
242 2703 364 2748 hodie
393 2712 576 2752 tenemus
609 2711 658 2752 de
688 2712 968 2766 Polymnesto,
1004 2715 1267 2767 Mimnermo,
1308 2719 1566 2772 Xenophane,

107 2770 282 2826 Gongyla
322 2779 503 2830 poetria,
551 2781 811 2833 Antimacho,
861 2785 1065 2828 Phoenice
1107 2788 1416 2842 iambographo,
1461 2792 1567 2832 Ana-

106 2840 297 2890 xandride
325 2846 537 2894 Camireno
580 2851 665 2897 sive
699 2853 972 2908 ColophoniO,
1018 2856 1350 2902 Hermesianacte
1393 2861 1565 2916 aliisque
