1811 3132
856 151 884 193 5

141 280 190 321 cf.
219 273 396 317 Meinek.
426 271 540 313 Anal.
571 269 682 311 Alex.
716 282 756 322 p.
790 268 894 322 128)
928 269 1113 310 doricum
1143 274 1229 318 est,
1262 269 1368 322 quod
1402 268 1603 322 significat

140 335 327 403 θερμὸς,
358 341 445 383 Nic.
478 341 592 382 Alex.
623 338 722 381 568.
755 338 807 380 cf.
839 339 965 392 intpp.
998 338 1169 392 Hesych.
1194 337 1223 386 Ι,
1255 351 1293 391 p.
1324 336 1449 378 1718.
1490 336 1603 378 Adde

143 413 291 468 πιάζω
321 425 395 467 pro
426 407 568 462 πιέζω
600 409 687 450 Nic.
706 409 817 449 Alex.
841 407 941 458 224,
974 413 1013 449 et
1032 402 1222 460 τάμισος
1240 407 1350 448 Alex.
1373 406 1471 447 374.
1495 407 1603 460 quod

143 487 324 529 doricum
356 495 447 523 esse
477 494 551 534 pro
582 473 723 521 πυτία
743 479 935 520 creditur.
997 477 1210 519 Siceliotae
1233 470 1604 528 vocabulum'o'cxti-

143 568 267 605 νετος
296 553 408 598 Alex.
445 550 530 592 174
559 549 638 591 sibi
676 548 907 598 vindicant,
949 548 1192 589 Italiotarum
1231 548 1406 601 glossam
1436 547 1603 589 verbum

145 620 299 681 φλὺζω
331 634 405 676 pro
433 617 563 675 φλόω
595 624 820 672 agnoscunt
846 618 980 659 Schol.
999 618 1110 658 Alex.
1130 616 1230 658 214.
1290 618 1411 659 Plura
1429 618 1605 670 Aeschy-

144 696 208 737 lus
249 692 382 742 dedit,
422 690 532 737 velut
563 681 724 740 αἶπος,
755 683 961 746 βρωτὴρ,
1005 683 1144 737 δάκος
1174 687 1201 728 i.
1226 700 1260 729 e.
1290 687 1437 729 animal
1467 701 1605 729 morsu

146 764 342 815 noxium,
377 758 560 817 δροίτῃ,
603 757 768 810 λέπας,
805 756 963 814 λῆνος,
1002 755 1169 808 λίπτω,
1213 756 1336 808 σίνος
1375 760 1440 800 vel
1470 759 1604 808 οἶνος,

147 829 341 890 φύγὸην,
382 823 540 880 ὠδῖνες
585 830 625 871 h.
660 843 694 872 e.
727 842 795 871 res
837 841 939 883 quae
970 828 1179 870 doloribus
1208 834 1344 882 partae
1371 834 1485 879 sunt,
1516 829 1605 870 alia.

145 904 284 956 Neque
313 901 685 955 praestantissimos
716 900 1079 942 Alexandrinorum
1105 899 1387 952 grammaticos
1417 900 1481 940 vel
1512 913 1608 952 poe-

146 979 206 1013 tas
232 971 410 1025 neglexit
421 984 433 1021 ,·
488 984 659 1027 quorum
694 970 925 1013 Callimachi
957 969 1124 1024 vestigia
1161 982 1305 1023 presse
1334 976 1500 1012 secutus
1533 975 1608 1011 est.

144 1042 363 1084 Plurimam
386 1043 474 1084 sine
504 1043 625 1084 dubio
651 1043 879 1084 studiorum
900 1054 1065 1094 operam
1086 1041 1126 1082 in
1147 1041 1323 1082 Homero
1345 1042 1608 1093 consumpsit,

145 1125 166 1152 a
199 1125 279 1165 quo
311 1125 436 1165 paene
468 1125 609 1154 omnes
642 1111 752 1153 illius
795 1110 937 1152 aetatis
979 1110 1229 1163 grammatici
1263 1116 1301 1150 et
1333 1115 1476 1163 poetae
1509 1115 1609 1150 tam-

147 1194 264 1235 quam
294 1195 315 1222 a
346 1181 549 1235 principio
591 1194 726 1222 rerum
768 1179 1116 1233 grammaticarum
1158 1183 1198 1219 et
1229 1178 1430 1220 sermonis
1461 1178 1609 1231 poetici

144 1251 316 1304 profecti
346 1257 452 1292 sunt.
514 1251 650 1305 ltaque
682 1250 882 1291 Nicander
929 1262 1011 1290 non
1051 1250 1182 1290 solum
1213 1249 1359 1290 multas
1390 1249 1512 1289 habet
1540 1262 1610 1289 vo—

146 1334 239 1370 ces,
273 1321 467 1363 formulas
498 1322 682 1375 adeoque
717 1333 862 1363 versus
892 1326 997 1362 totos
1030 1333 1122 1361 cum
1153 1320 1328 1361 Homero
1361 1332 1610 1369 communes,

147 1392 221 1433 sed
252 1391 375 1432 multa
418 1392 537 1433 etiam
577 1391 681 1445 apud
715 1404 806 1433 eum
840 1396 975 1432 extant
1004 1390 1218 1441 vocabula,
1263 1396 1411 1433 mutata
1442 1390 1505 1431 vel
1535 1390 1610 1431 ali-

148 1467 339 1516 quantum
370 1463 514 1503 inflexa
544 1468 755 1516 potestate.
819 1463 1086 1504 Conferantur
1113 1468 1245 1504 autem
1279 1476 1368 1504 cum
1397 1463 1508 1504 fonte
1528 1463 1610 1503 Ho-

148 1533 323 1575 merico:
355 1526 507 1588 ἀήτης,
541 1527 695 1589 αἰζηὸς
721 1533 855 1583 homo,
879 1546 960 1573 non
979 1533 1153 1582 iuvenis,
1188 1526 1421 1589 ἆνθερεών
1447 1533 1498 1574 de
1520 1545 1610 1574 ser-

146 1608 268 1654 pente
300 1602 450 1643 dictum
485 1603 534 1643 cf.
563 1603 809 1645 Meinekium
841 1603 954 1644 Anal.
984 1603 1097 1643 Alex.
1133 1616 1172 1655 p.
1201 1601 1270 1652 92,
1314 1594 1443 1652 αὖλις
1480 1603 1610 1643 domi—

148 1670 285 1711 cilium
316 1671 528 1719 universe,
561 1684 641 1711 non
672 1673 994 1724 pernoctantium
1028 1678 1203 1721 tantum,
1237 1669 1406 1727 γένειον
1435 1673 1609 1721 maxilla,

148 1753 227 1781 non
261 1747 463 1789 mentum,
495 1736 645 1796 ἐνωπὴ
679 1742 824 1791 facies,
856 1740 994 1797 κῆδος
1019 1743 1069 1783 cf.
1104 1742 1239 1783 Schol.
1274 1742 1396 1783 Ther.
1429 1741 1470 1792 2,
1503 1737 1610 1799 κόρ-

148 1822 203 1866 ση
232 1816 362 1865 caput,
391 1824 471 1852 non
495 1816 688 1865 tempora,
719 1807 895 1867 κώληψ,
927 1808 1076 1867 λάχνη,
1105 1807 1271 1866 λοιγὸς,
1303 1808 1469 1865 μῶλος,
1503 1804 1609 1853 οἰω-

146 1877 231 1923 νοί.
292 1882 517 1936 Aliquoties
547 1882 785 1923 Homericae
822 1882 1107 1923 vocabulorum
1140 1882 1326 1923 notiones
1358 1895 1406 1922 ex
1444 1882 1610 1923 arbitrio

148 1957 319 1992 mutatae
356 1959 471 2001 sunt,
515 1953 565 1992 de
607 1966 686 2006 quo
727 1965 839 1993 more
878 1958 1088 2005 poetarum
1121 1952 1484 1993 Alexandrinorum
1510 1952 1611 1993 Mei-

149 2022 295 2062 nekius
328 2022 431 2061 dixit
462 2022 504 2061 in
535 2022 649 2062 Anal.
672 2022 782 2063 Alex.
813 2035 853 2075 p.
880 2022 962 2062 136
985 2037 1089 2076 sqq„
1121 2023 1230 2062 velut
1264 2023 1303 2063 in
1337 2016 1612 2077 ἀποφώλιος

148 2090 209 2131 ΑΙ.
233 2089 331 2139 524,
372 2083 563 2145 ἇσκελὴς
597 2092 721 2132 Ther.
741 2090 820 2140 42,
866 2084 1065 2146 ἄσταγὴς
1106 2092 1227 2132 Ther.
1262 2090 1368 2140 307,
1412 2084 1612 2145 ἡμιδαὴς

147 2161 208 2202 Al.
231 2158 301 2209 55,
334 2154 514 2210 ἰοδόκος
546 2162 668 2203 Ther.
696 2161 792 2211 184,
825 2154 1058 2217 ὀλοφώιος
1081 2162 1202 2202 Ther.
1229 2161 1267 2211 1,
1299 2155 1493 2215 ἱοειόὴς,
1526 2151 1611 2216 ἆρ-

149 2244 247 2279 κιος
276 2231 463 2284 aliisque.
536 2232 676 2285 Neque
717 2233 910 2272 miramur
949 2232 1100 2272 rariora
1135 2232 1300 2272 Homeri
1340 2231 1530 2271 vocabula
1562 2230 1611 2269 ab

148 2300 218 2341 illo
249 2313 330 2341 non
362 2302 499 2343 minus
529 2315 646 2355 quam
678 2302 727 2342 ab
756 2302 846 2343 aliis
878 2302 1009 2354 poetis
1041 2301 1344 2349 Alexandrinis,
1377 2300 1611 2341 reconditae

150 2370 345 2413 orationis
378 2372 680 2422 amantissimis,
716 2373 933 2425 diligenter
956 2384 1046 2413 esse
1075 2377 1207 2412 notata
1239 2377 1278 2411 et
1307 2371 1346 2411 in
1380 2370 1512 2411 lucem
1543 2382 1610 2409 re-

151 2442 280 2482 ducta.
353 2442 489 2495 ltaque
531 2443 566 2483 si
609 2443 717 2495 optio
749 2443 927 2490 daretur,
971 2449 1039 2482 aut
1065 2454 1198 2482 rarum
1230 2440 1393 2481 omnino
1425 2438 1614 2491 praetulit

152 2511 460 2572 doctnsnpoeta,
494 2518 561 2554 aut
591 2526 716 2566 aequa
747 2512 890 2553 saltem
919 2512 1157 2553 liberalitate
1188 2525 1278 2553 cum
1308 2511 1455 2552 usitato
1474 2515 1610 2551 mutat.

147 2580 233 2621 Huc
263 2583 468 2633 pertinent
499 2573 621 2631 ἇσις,
654 2575 926 2637 ἇτραπιτὸς,
966 2576 1188 2637 βρεχμός,
1219 2575 1406 2634 γλάγος,
1438 2573 1609 2632 ἰἀμνοι,

149 2648 396 2708 λαοφόρος,
423 2649 630 2705 μόλιβος,
660 2647 835 2706 midam,
868 2647 1077 2703 πάχετος,
1101 2647 1238 2701 χέεια,
1258 2643 1464 2698 αὐαλέος,
1487 2643 1611 2689 ἐλεό-

148 2719 364 2774 θρεπτος,
396 2715 629 2773 μακεδνός,
661 2711 812 2775 εἶθαρ,
844 2712 1077 2776 ἆγριόσσω,
1111 2711 1341 2773 ἅηθέσσω,
1374 2714 1610 2770 δατέομαι,

150 2785 320 2839 δινεὺω,
354 2786 613 2847 ἕριόμαίνω,
636 2789 911 2846 κορθὺομαι,
933 2785 1126 2842 νεμέθω,
1160 2781 1377 2844 ὀρεχθέω,
1394 2785 1608 2844 στρεύγω,

149 2856 385 2919 τερσαίνω,
416 2861 501 2903 alia.
572 2862 622 2904 Et
658 2874 816 2905 summo
861 2861 1024 2916 quidem
1056 2860 1188 2905 studio
1214 2860 1460 2904 Nicandrum
1492 2874 1610 2906 suum
