1811 3132
934 127 995 176 26

799 295 1005 352 capnt
1035 295 1145 341 vl.

378 394 516 447 Neque
550 390 765 434 Oetaica
794 391 900 432 inter
916 389 1106 431 Nicandri
1136 388 1286 442 scripta
1314 389 1420 443 apud
1444 388 1611 430 Suidam
1639 401 1704 431 re-

237 472 468 509 censentur.
542 462 621 503 Sed
663 462 852 502 laudatur
882 460 1140 501 Oetaicorum
1182 458 1287 500 liber
1319 459 1474 511 primus
1515 471 1537 498 a
1567 457 1701 499 Schol.

237 535 366 589 Apoll.
406 534 535 575 Rhod.
568 533 604 581 1,
651 530 775 572 1300.
848 532 957 580 Quae
997 529 1067 570 nbi
1109 533 1273 569 narrant
1303 529 1576 580 Argonautas,
1611 526 1705 567 duni

233 604 432 646 Hercules
471 615 562 643 cum
593 600 841 654 Polyphemo
882 606 1040 652 raptum
1086 612 1107 639 a
1139 598 1330 651 Nymphis
1362 598 1500 651 Hylam
1534 609 1703 650 quaere-

234 679 312 723 ret,
342 685 512 714 ancoras
544 670 721 712 solvisse
745 669 945 711 Boreadis
973 668 1222 717 auctoribus,
1256 667 1324 721 qui
1355 674 1494 721 postea
1525 667 1567 708 in
1590 667 1704 707 Teno

236 742 368 784 insula
399 741 502 782 irato
518 739 683 780 Herculi
712 744 843 779 morte
875 750 946 779 sua
975 750 1126 790 poenas
1158 737 1373 786 dederunt,
1404 737 1506 778 haec
1534 736 1705 777 subiici-

235 816 330 852 unt:
373 805 609 862 Νίκανδρος
639 803 676 848 δ’
708 805 732 848 ὁ
767 802 1042 859 Κολοφώνιος
1072 806 1115 849 ἐν
1143 801 1171 847 ά
1211 807 1292 847 τῶν
1327 805 1535 850 Οἰταϊκῶν
1566 806 1704 851 αἴτιον

235 879 446 937 γεγονέναι
476 878 645 931 Βορέαν
693 874 792 931 φησὶ
826 876 904 917 τοῦ
929 871 1129 921 θανάτου
1153 876 1234 917 τῶν
1264 876 1410 926 υἱέων,
1448 872 1519 919 διὰ
1548 874 1597 918 τὸ
1626 890 1706 928 χει-

234 945 370 1005 μάσαι
397 945 608 1002 Ἡρακλέα
647 947 691 988 ἐν
723 946 800 1001 Κῷ
835 947 885 1005 τῇ
925 941 1037 1001 νήσῳ
1073 943 1400 999 ὖποστρέφοντα.
1470 946 1527 986 De
1565 958 1611 987 re
1652 946 1704 987 cf.

237 1021 364 1074 Heyn.
397 1019 438 1059 in
474 1015 657 1070 Apollod.
689 1015 778 1056 Not.
810 1028 849 1068 p.
884 1014 983 1056 855.

377 1087 554 1129 Secundi
610 1086 702 1127 libri
743 1085 819 1126 tria
860 1091 1081 1139 supersunt
1118 1087 1355 1138 fragmenta.
1434 1085 1617 1127 Primum
1657 1085 1706 1127 ab

238 1160 385 1202 Athen.
412 1157 492 1206 vll,
525 1154 612 1197 282
645 1156 671 1197 f.
706 1161 930 1198 servatum:
963 1153 1197 1210 Νίκανδρος
1227 1153 1263 1197 δ’
1291 1157 1336 1198 ἐν
1364 1153 1542 1212 δευτέρῳ
1564 1158 1707 1200 Οἰταϊ-

235 1231 321 1274 κῶν
350 1243 477 1285 φησι·

405 1293 650 1351 Πομπίλος,
691 1291 737 1343 ὃς
766 1291 964 1355 ναύτῃσιν
993 1292 1275 1351 ἀδημονέουσι
1304 1291 1531 1347 κελεύθους

407 1360 554 1421 μηνύει
584 1362 748 1427 φιλίῃσι
777 1362 848 1407 καὶ
874 1361 1105 1419 ἄφθογγός
1134 1380 1207 1421 περ
1240 1360 1419 1419 οἷμύνων.

234 1431 380 1491 μηνύει
412 1433 560 1486 scripsi
592 1445 666 1486 pro
697 1430 884 1488 μηνύσας
917 1446 965 1472 ex
997 1433 1281 1474 emendatione
1301 1433 1494 1475 Meinekii
1515 1433 1708 1475 Exercitt.

239 1507 282 1547 in
329 1505 474 1546 Athen.
507 1503 536 1544 Ι.
569 1516 609 1556 p.
641 1501 712 1543 24.
794 1502 1096 1566 Βείηφιλίῃσι
1136 1504 1255 1557 posui
1297 1517 1319 1545 e
1352 1505 1583 1546 coniectura
1635 1517 1709 1558 pro

237 1574 458 1628 φιλέρωσι,
495 1573 602 1627 quod
634 1573 683 1613 ab
713 1573 789 1613 hoc
822 1573 988 1626 quidem
1017 1574 1106 1614 loco
1139 1574 1345 1615 abhorret.
1376 1574 1581 1616 Pluralem
1611 1587 1707 1616 vero

239 1643 324 1684 noli
354 1643 397 1683 in
426 1641 626 1683 Nicandro
658 1641 820 1689 mirari,
862 1641 928 1694 qui
960 1641 1052 1681 talia
1084 1642 1306 1691 adamavit,
1353 1649 1395 1683 ut
1426 1640 1615 1697 στύματα
1645 1656 1706 1692 os,

238 1708 378 1757 ’ὕδατα
399 1712 464 1752 vel
486 1707 652 1765 νύμφας
678 1722 836 1764 aquam,
868 1722 992 1763 porro
1023 1710 1229 1752 hominem
1261 1711 1470 1753 doloribus
1503 1711 1710 1754 excrucia-

241 1789 326 1824 tum
362 1782 474 1824 Alex.
507 1780 594 1822 216
643 1794 733 1822 cum
767 1793 814 1821 eo
848 1781 1116 1834 comparavit,
1160 1782 1224 1823 cui
1258 1787 1376 1835 caput
1404 1782 1610 1836 ξιφέεσσιν
1640 1783 1712 1824 de-

243 1866 423 1895 messum
474 1852 552 1901 sit,
604 1864 723 1892 unam
766 1851 917 1892 Priolai
967 1852 1110 1893 urbem
1150 1852 1262 1893 Alex.
1298 1851 1350 1893 15
1392 1849 1553 1908 ἄστυρα
1594 1866 1713 1895 voca-

244 1926 312 1966 vit.
389 1924 503 1965 Adde
533 1936 570 1963 V.
607 1921 706 1962 166.
749 1918 881 1975 ἀφρὸν
927 1923 1047 1965 θοοῦ
1090 1919 1272 1979 δορπήια
1316 1925 1500 1977 κέπφου,
1540 1924 1591 1964 de
1622 1937 1714 1978 ,quo

242 1993 476 2046 Bernhardy
508 1993 668 2045 syntax,
701 2004 740 2044 p.
769 1988 823 2031 65
856 1991 1033 2041 monuit,
1066 1992 1249 2045 aliosque
1281 1992 1394 2033 locos
1422 1992 1671 2034 innumeros.

383 2062 618 2104 Secundum
648 2061 754 2114 apud
787 2061 960 2102 eundern
993 2067 1101 2102 extat
1131 2061 1276 2103 Athen.
1300 2062 1364 2103 lX.
1390 2074 1430 2114 p.
1450 2060 1534 2103 411
1566 2075 1611 2103 a:
1645 2062 1713 2105 καὶ

249 2130 431 2176 Κύαθον
476 2130 520 2175 δὲ
558 2129 633 2174 τὸν
661 2126 860 2186 Πύλητος
898 2129 973 2184 μὲν
1011 2129 1127 2182 υἱὸν,
1170 2129 1352 2184 ἀδελφὸν
1384 2129 1430 2174 δὲ
1455 2127 1712 2189 Ἀντιμάχου,

244 2200 481 2246 ἀπέκτεινεν
515 2197 628 2242 ἄκων
655 2198 886 2256 ζΗρακλῆς,
926 2201 1199 2258 οἰνοχοοῦντα
1230 2199 1361 2258 αύτῷ,
1397 2199 1452 2251 ὥς
1483 2199 1715 2254 Νίκανδρος

245 2274 405 2326 ἱστορεῖ
440 2272 485 2313 ὲν
515 2270 690 2324 δευτέρῳ
728 2264 957 2313 Οἰταϊκῶν·
996 2263 1028 2324 ᾧ
1059 2270 1128 2313 καὶ
1163 2269 1367 2314 ἀνεῖσθαί
1408 2286 1511 2326 φησι
1546 2274 1714 2325 τέμενος

246 2338 329 2383 ὐπὸ
359 2341 433 2382 τοῦ
468 2338 716 2394 “Ηρακλεόυς
744 2339 787 2381 ἐν
816 2343 1035 2396 Προσχίῳ,
1083 2336 1106 2382 ὃ
1128 2342 1253 2399 ,μέχρι
1282 2341 1357 2383 νῦν
1385 2335 1714 2397 προσαγορεύεσ-

246 2412 335 2453 θαι
359 2406 576 2465 Οἰνοχόου.
610 2433 665 2438 -
697 2406 920 2465 Πρὸσχιον,
940 2405 1079 2468 χώραν
1099 2410 1308 2459 Αἰτωλίας
1329 2415 1555 2452 memorant
1576 2409 1713 2463 steph.

247 2480 341 2533 Byz.
364 2494 396 2521 s.
414 2494 451 2521 v,
472 2487 511 2521 et
534 2480 713 2533 Thucyd.
736 2479 800 2528 Ill,
827 2477 923 2520 102.
984 2480 1042 2521 De
1062 2480 1193 2522 fabula
1212 2480 1374 2522 aliunde
1395 2493 1477 2521 non
1499 2485 1666 2521 constat.

391 2549 573 2591 Tertium
607 2549 798 2591 succedat
828 2549 1100 2602 fragmentum
1132 2563 1180 2592 ex
1213 2551 1356 2592 Athen.
1378 2550 1457 2592 v11.
1487 2563 1528 2604 p.
1560 2548 1645 2591 329
1677 2563 1712 2591 a.

248 2614 486 2671 Νίκανδρος
511 2619 555 2660 ἐν
583 2619 852 2673 Βοιωτιακῷ.

417 2684 473 2734 ὥς
503 2683 539 2726 δ’
570 2682 684 2728 ὁπότ’
715 2684 815 2740 ἀμφ’
847 2685 1022 2751 ἀγέλῃσι
1052 2689 1331 2743 νεηγενέεσσιν
1361 2683 1500 2732 ἰώπων

416 2751 445 2811 ἢ
474 2750 629 2808 φάγροι
658 2752 686 2810 ἢ
713 2756 869 2804 σκῶπες
900 2754 1077 2810 ἀρείονες
1104 2755 1149 2813 ἠὲ
1180 2757 1249 2800 καὶ
1277 2755 1425 2811 ὀρφός.

248 2822 345 2864 Nam
367 2824 612 2878 Βοιωτιακῷ
640 2823 783 2865 vitiose
813 2837 888 2877 pro
911 2825 957 2868 ἕν
985 2827 1017 2879 β
1041 2826 1248 2870 Οἰταϊκῶν
1278 2826 1476 2880 scriptum
1503 2838 1594 2868 esse
1624 2826 1708 2879 pri-
