<?xml version="1.0" encoding="UTF-8"?>
<!DOCTYPE html PUBLIC "-//W3C//DTD XHTML 1.0 Transitional//EN"
    "http://www.w3.org/TR/xhtml1/DTD/xhtml1-transitional.dtd">
<html xmlns="http://www.w3.org/1999/xhtml" xml:lang="en" lang="en">
 <head>
  <title>
</title>
<meta http-equiv="Content-Type" content="text/html;charset=utf-8" />
  <meta name='ocr-system' content='tesseract 3.04.00' />
  <meta name='ocr-capabilities' content='ocr_page ocr_carea ocr_par ocr_line ocrx_word'/>
</head>
<body>
  <div class='ocr_page' id='page_1' title='image "4737209_0016.png"; bbox 0 0 1811 3132; ppageno 0'>
   <div class='ocr_carea' id='block_1_1' title="bbox 930 109 960 152">
    <p class='ocr_par' dir='ltr' id='par_1_1' title="bbox 930 109 960 152">
     <span class='ocr_line' id='line_1_1' title="bbox 930 109 960 152; baseline 0 0"><span class='ocrx_word' id='word_1_1' title='bbox 930 109 960 152; x_wconf 89' lang='lat'>4</span> 
     </span>
    </p>
   </div>
   <div class='ocr_carea' id='block_1_2' title="bbox 202 228 1682 2877">
    <p class='ocr_par' dir='ltr' id='par_1_2' title="bbox 202 228 1680 1332">
     <span class='ocr_line' id='line_1_2' title="bbox 206 228 1674 283; baseline -0.001 -12"><span class='ocrx_word' id='word_1_2' title='bbox 206 229 459 283; x_wconf 89' lang='lat' dir='ltr'>Colophonio</span> <span class='ocrx_word' id='word_1_3' title='bbox 491 234 635 281; x_wconf 88' lang='lat' dir='ltr'>poetae</span> <span class='ocrx_word' id='word_1_4' title='bbox 664 228 806 271; x_wconf 86' lang='lat' dir='ltr'><strong>tribuit</strong></span> <span class='ocrx_word' id='word_1_5' title='bbox 843 228 1109 274; x_wconf 78' lang='lat' dir='ltr'>Graet&#39;enhan.</span> <span class='ocrx_word' id='word_1_6' title='bbox 1154 228 1250 270; x_wconf 89' lang='lat' dir='ltr'>hist.</span> <span class='ocrx_word' id='word_1_7' title='bbox 1293 229 1391 281; x_wconf 92' lang='lat' dir='ltr'>phil.</span> <span class='ocrx_word' id='word_1_8' title='bbox 1423 229 1541 271; x_wconf 90' lang='lat' dir='ltr'>class.</span> <span class='ocrx_word' id='word_1_9' title='bbox 1574 229 1606 269; x_wconf 91' lang='lat'>11</span> <span class='ocrx_word' id='word_1_10' title='bbox 1635 242 1674 282; x_wconf 89' lang='lat' dir='ltr'>p.</span> 
     </span>
     <span class='ocr_line' id='line_1_3' title="bbox 204 297 1677 352; baseline 0 -12"><span class='ocrx_word' id='word_1_11' title='bbox 204 297 306 340; x_wconf 85' lang='lat'>205.</span> <span class='ocrx_word' id='word_1_12' title='bbox 368 299 560 340; x_wconf 82' lang='lat' dir='ltr'>Fortasse</span> <span class='ocrx_word' id='word_1_13' title='bbox 601 311 681 339; x_wconf 92' lang='lat' dir='ltr'>non</span> <span class='ocrx_word' id='word_1_14' title='bbox 712 298 901 344; x_wconf 88' lang='lat' dir='ltr'>diversus</span> <span class='ocrx_word' id='word_1_15' title='bbox 933 299 1010 343; x_wconf 88' lang='lat' dir='ltr'>fuit</span> <span class='ocrx_word' id='word_1_16' title='bbox 1037 298 1239 340; x_wconf 81' lang='lat' dir='ltr'>Nicander</span> <span class='ocrx_word' id='word_1_17' title='bbox 1272 298 1588 352; x_wconf 79' lang='lat' dir='ltr'>Peripateticus,</span> <span class='ocrx_word' id='word_1_18' title='bbox 1618 299 1677 340; x_wconf 89' lang='lat' dir='ltr'>ci-</span> 
     </span>
     <span class='ocr_line' id='line_1_4' title="bbox 202 364 1676 424; baseline -0.002 -12"><span class='ocrx_word' id='word_1_19' title='bbox 202 378 311 415; x_wconf 85' lang='lat' dir='ltr'>tatus</span> <span class='ocrx_word' id='word_1_20' title='bbox 349 371 504 412; x_wconf 92' lang='lat' dir='ltr'>scholio</span> <span class='ocrx_word' id='word_1_21' title='bbox 545 371 650 423; x_wconf 89' lang='lat' dir='ltr'>apud</span> <span class='ocrx_word' id='word_1_22' title='bbox 689 370 865 411; x_wconf 91' lang='lat' dir='ltr'>Bandur.</span> <span class='ocrx_word' id='word_1_23' title='bbox 908 369 1056 423; x_wconf 88' lang='lat' dir='ltr'>Imper.</span> <span class='ocrx_word' id='word_1_24' title='bbox 1090 370 1242 412; x_wconf 88' lang='lat' dir='ltr'>Orient.</span> <span class='ocrx_word' id='word_1_25' title='bbox 1273 370 1319 410; x_wconf 92' lang='lat' dir='ltr'>T.</span> <span class='ocrx_word' id='word_1_26' title='bbox 1350 369 1397 410; x_wconf 86' lang='lat'>11.</span> <span class='ocrx_word' id='word_1_27' title='bbox 1425 382 1464 424; x_wconf 87' lang='lat' dir='ltr'>p.</span> <span class='ocrx_word' id='word_1_28' title='bbox 1496 368 1595 411; x_wconf 82' lang='lat'>861.</span> <span class='ocrx_word' id='word_1_29' title='bbox 1625 364 1676 409; x_wconf 81' lang='grc' dir='ltr'>τὸ</span> 
     </span>
     <span class='ocr_line' id='line_1_5' title="bbox 205 430 1675 497; baseline -0.001 -17"><span class='ocrx_word' id='word_1_30' title='bbox 205 436 291 497; x_wconf 80' lang='grc' dir='ltr'>γὰρ</span> <span class='ocrx_word' id='word_1_31' title='bbox 323 436 499 488; x_wconf 70' lang='grc' dir='ltr'><strong><em>πένθος</em></strong></span> <span class='ocrx_word' id='word_1_32' title='bbox 540 432 719 495; x_wconf 80' lang='grc' dir='ltr'><strong><em>κυρίως,</em></strong></span> <span class='ocrx_word' id='word_1_33' title='bbox 752 431 814 488; x_wconf 79' lang='grc' dir='ltr'>ὠς</span> <span class='ocrx_word' id='word_1_34' title='bbox 845 433 1105 495; x_wconf 73' lang='grc' dir='ltr'><strong><em>Νίκανδρός</em></strong></span> <span class='ocrx_word' id='word_1_35' title='bbox 1142 450 1279 494; x_wconf 84' lang='grc' dir='ltr'><em>φησιν</em></span> <span class='ocrx_word' id='word_1_36' title='bbox 1309 430 1333 479; x_wconf 82' lang='grc' dir='ltr'>ὁ</span> <span class='ocrx_word' id='word_1_37' title='bbox 1366 436 1675 495; x_wconf 77' lang='grc' dir='ltr'><strong><em>Περιπατητι-</em></strong></span> 
     </span>
     <span class='ocr_line' id='line_1_6' title="bbox 205 500 1679 563; baseline -0.002 -14"><span class='ocrx_word' id='word_1_38' title='bbox 205 504 296 557; x_wconf 82' lang='grc' dir='ltr'><strong><em>κὸς,</em></strong></span> <span class='ocrx_word' id='word_1_39' title='bbox 341 503 420 549; x_wconf 77' lang='grc' dir='ltr'>ἐπὶ</span> <span class='ocrx_word' id='word_1_40' title='bbox 462 500 618 563; x_wconf 78' lang='grc' dir='ltr'><em>ἀώρου</em></span> <span class='ocrx_word' id='word_1_41' title='bbox 661 502 843 548; x_wconf 67' lang='grc' dir='ltr'><em>τίθεται</em></span> <span class='ocrx_word' id='word_1_42' title='bbox 882 503 1054 555; x_wconf 83' lang='grc' dir='ltr'><strong><em>τέλους.</em></strong></span> <span class='ocrx_word' id='word_1_43' title='bbox 1127 506 1340 547; x_wconf 86' lang='lat' dir='ltr'><strong>Secundus</strong></span> <span class='ocrx_word' id='word_1_44' title='bbox 1377 512 1439 548; x_wconf 89' lang='lat' dir='ltr'>est</span> <span class='ocrx_word' id='word_1_45' title='bbox 1477 506 1679 549; x_wconf 80' lang='lat' dir='ltr'>Nicander</span> 
     </span>
     <span class='ocr_line' id='line_1_7' title="bbox 206 575 1677 635; baseline 0 -17"><span class='ocrx_word' id='word_1_46' title='bbox 206 576 525 625; x_wconf 81' lang='lat' dir='ltr'>Chalcedonius,</span> <span class='ocrx_word' id='word_1_47' title='bbox 570 576 686 635; x_wconf 89' lang='lat' dir='ltr'>cuius</span> <span class='ocrx_word' id='word_1_48' title='bbox 730 582 916 630; x_wconf 90' lang='lat' dir='ltr'>quartum</span> <span class='ocrx_word' id='word_1_49' title='bbox 956 576 1107 617; x_wconf 88' lang='lat' dir='ltr'>librum</span> <span class='ocrx_word' id='word_1_50' title='bbox 1148 577 1199 617; x_wconf 92' lang='lat' dir='ltr'>de</span> <span class='ocrx_word' id='word_1_51' title='bbox 1232 576 1401 618; x_wconf 85' lang='lat' dir='ltr'>Prusiae</span> <span class='ocrx_word' id='word_1_52' title='bbox 1441 575 1677 618; x_wconf 81' lang='lat' dir='ltr'>infortuniis</span> 
     </span>
     <span class='ocr_line' id='line_1_8' title="bbox 204 645 1677 703; baseline -0.001 -14"><span class='ocrx_word' id='word_1_53' title='bbox 204 648 434 689; x_wconf 83' lang='lat' dir='ltr'>Athenaeus</span> <span class='ocrx_word' id='word_1_54' title='bbox 462 646 638 688; x_wconf 90' lang='lat' dir='ltr'>laudavit</span> <span class='ocrx_word' id='word_1_55' title='bbox 667 646 719 695; x_wconf 81' lang='lat' dir='ltr'>XI</span> <span class='ocrx_word' id='word_1_56' title='bbox 743 659 783 700; x_wconf 90' lang='lat' dir='ltr'>p.</span> <span class='ocrx_word' id='word_1_57' title='bbox 816 645 916 687; x_wconf 80' lang='lat'>496.</span> <span class='ocrx_word' id='word_1_58' title='bbox 942 659 978 687; x_wconf 90' lang='lat' dir='ltr'>e.</span> <span class='ocrx_word' id='word_1_59' title='bbox 1011 651 1050 686; x_wconf 89' lang='lat' dir='ltr'>et</span> <span class='ocrx_word' id='word_1_60' title='bbox 1080 652 1237 688; x_wconf 83' lang='lat' dir='ltr'>sextum</span> <span class='ocrx_word' id='word_1_61' title='bbox 1257 646 1560 703; x_wconf 77' lang='grc' dir='ltr'><strong><em>περιπετειιῦν</em></strong></span> <span class='ocrx_word' id='word_1_62' title='bbox 1590 647 1677 688; x_wconf 88' lang='lat' dir='ltr'>Xlll</span> 
     </span>
     <span class='ocr_line' id='line_1_9' title="bbox 208 719 1677 774; baseline -0.001 -12"><span class='ocrx_word' id='word_1_63' title='bbox 208 720 308 762; x_wconf 82' lang='lat'>606.</span> <span class='ocrx_word' id='word_1_64' title='bbox 340 721 380 762; x_wconf 88' lang='lat' dir='ltr'>h.</span> <span class='ocrx_word' id='word_1_65' title='bbox 412 745 467 750; x_wconf 92' lang='lat'>—</span> <span class='ocrx_word' id='word_1_66' title='bbox 530 720 694 761; x_wconf 88' lang='lat' dir='ltr'>Tertius</span> <span class='ocrx_word' id='word_1_67' title='bbox 727 720 903 774; x_wconf 86' lang='lat' dir='ltr'>denique</span> <span class='ocrx_word' id='word_1_68' title='bbox 934 719 1135 761; x_wconf 85' lang='lat' dir='ltr'>Nicander</span> <span class='ocrx_word' id='word_1_69' title='bbox 1177 719 1447 772; x_wconf 84' lang='lat' dir='ltr'>Thyatirenus</span> <span class='ocrx_word' id='word_1_70' title='bbox 1480 732 1677 772; x_wconf 87' lang='lat' dir='ltr'>gramma-</span> 
     </span>
     <span class='ocr_line' id='line_1_10' title="bbox 208 787 1679 843; baseline -0.002 -11"><span class='ocrx_word' id='word_1_71' title='bbox 208 792 337 838; x_wconf 90' lang='lat' dir='ltr'>ticus,</span> <span class='ocrx_word' id='word_1_72' title='bbox 379 803 501 843; x_wconf 85' lang='lat' dir='ltr'>saepe</span> <span class='ocrx_word' id='word_1_73' title='bbox 529 803 620 831; x_wconf 90' lang='lat' dir='ltr'>cum</span> <span class='ocrx_word' id='word_1_74' title='bbox 652 790 906 843; x_wconf 90' lang='lat' dir='ltr'>Colophonio</span> <span class='ocrx_word' id='word_1_75' title='bbox 939 789 1156 837; x_wconf 82' lang='lat' dir='ltr'>confusus,</span> <span class='ocrx_word' id='word_1_76' title='bbox 1201 788 1270 843; x_wconf 91' lang='lat' dir='ltr'>qui</span> <span class='ocrx_word' id='word_1_77' title='bbox 1313 788 1363 828; x_wconf 92' lang='lat' dir='ltr'>de</span> <span class='ocrx_word' id='word_1_78' title='bbox 1393 787 1506 841; x_wconf 85' lang='lat' dir='ltr'>pagis</span> <span class='ocrx_word' id='word_1_79' title='bbox 1535 787 1679 830; x_wconf 80' lang='lat' dir='ltr'>Atticis</span> 
     </span>
     <span class='ocr_line' id='line_1_11' title="bbox 208 851 1679 915; baseline -0.001 -12"><span class='ocrx_word' id='word_1_80' title='bbox 208 866 505 903; x_wconf 88' lang='lat' dir='ltr'>commentatus</span> <span class='ocrx_word' id='word_1_81' title='bbox 539 866 602 902; x_wconf 90' lang='lat' dir='ltr'>est</span> <span class='ocrx_word' id='word_1_82' title='bbox 624 866 664 901; x_wconf 89' lang='lat' dir='ltr'>et</span> <span class='ocrx_word' id='word_1_83' title='bbox 690 855 929 915; x_wconf 77' lang='grc' dir='ltr'><strong><em>ἑξηγητικὰ</em></strong></span> <span class='ocrx_word' id='word_1_84' title='bbox 955 852 1179 915; x_wconf 76' lang='grc' dir='ltr'><em>’Λττικῆς</em></span> <span class='ocrx_word' id='word_1_85' title='bbox 1204 855 1444 900; x_wconf 81' lang='grc' dir='ltr'><strong><em>διαλέκτου</em></strong></span> <span class='ocrx_word' id='word_1_86' title='bbox 1473 858 1536 900; x_wconf 91' lang='lat' dir='ltr'>vel</span> <span class='ocrx_word' id='word_1_87' title='bbox 1561 851 1679 902; x_wconf 79' lang='grc' dir='ltr'>Ἀτ-</span> 
     </span>
     <span class='ocr_line' id='line_1_12' title="bbox 209 924 1680 984; baseline 0 -14"><span class='ocrx_word' id='word_1_88' title='bbox 209 926 311 971; x_wconf 84' lang='grc' dir='ltr'><strong><em>τικὰ</em></strong></span> <span class='ocrx_word' id='word_1_89' title='bbox 330 924 535 983; x_wconf 83' lang='grc' dir='ltr'><strong><em>ὀνόματα</em></strong></span> <span class='ocrx_word' id='word_1_90' title='bbox 557 930 735 983; x_wconf 86' lang='lat' dir='ltr'>scripsit,</span> <span class='ocrx_word' id='word_1_91' title='bbox 768 942 939 984; x_wconf 88' lang='lat' dir='ltr'>quorum</span> <span class='ocrx_word' id='word_1_92' title='bbox 959 930 1179 983; x_wconf 84' lang='lat' dir='ltr'>fragmenta</span> <span class='ocrx_word' id='word_1_93' title='bbox 1193 929 1385 970; x_wconf 88' lang='lat' dir='ltr'>indicavit</span> <span class='ocrx_word' id='word_1_94' title='bbox 1403 928 1544 971; x_wconf 66' lang='lat' dir='ltr'>Meien</span> <span class='ocrx_word' id='word_1_95' title='bbox 1561 929 1680 971; x_wconf 91' lang='lat' dir='ltr'>Com-</span> 
     </span>
     <span class='ocr_line' id='line_1_13' title="bbox 210 998 1680 1053; baseline -0.001 -13"><span class='ocrx_word' id='word_1_96' title='bbox 210 1005 334 1041; x_wconf 90' lang='lat' dir='ltr'>ment.</span> <span class='ocrx_word' id='word_1_97' title='bbox 367 1000 520 1041; x_wconf 89' lang='lat' dir='ltr'>Andoc.</span> <span class='ocrx_word' id='word_1_98' title='bbox 553 999 627 1049; x_wconf 85' lang='lat' dir='ltr'>vl,</span> <span class='ocrx_word' id='word_1_99' title='bbox 673 999 697 1039; x_wconf 87' lang='lat'><strong>3</strong></span> <span class='ocrx_word' id='word_1_100' title='bbox 730 1013 769 1053; x_wconf 84' lang='lat' dir='ltr'>p.</span> <span class='ocrx_word' id='word_1_101' title='bbox 806 999 834 1039; x_wconf 79' lang='lat'>8</span> <span class='ocrx_word' id='word_1_102' title='bbox 867 1005 905 1040; x_wconf 90' lang='lat' dir='ltr'>et</span> <span class='ocrx_word' id='word_1_103' title='bbox 935 999 997 1048; x_wconf 87' lang='lat' dir='ltr'>Vl,</span> <span class='ocrx_word' id='word_1_104' title='bbox 1035 998 1085 1040; x_wconf 87' lang='lat'>13</span> <span class='ocrx_word' id='word_1_105' title='bbox 1115 1012 1155 1052; x_wconf 87' lang='lat' dir='ltr'>p.</span> <span class='ocrx_word' id='word_1_106' title='bbox 1190 998 1260 1040; x_wconf 86' lang='lat'>63.</span> <span class='ocrx_word' id='word_1_107' title='bbox 1320 999 1404 1040; x_wconf 91' lang='lat' dir='ltr'>Hos</span> <span class='ocrx_word' id='word_1_108' title='bbox 1448 1005 1581 1040; x_wconf 90' lang='lat' dir='ltr'>autem</span> <span class='ocrx_word' id='word_1_109' title='bbox 1610 998 1680 1039; x_wconf 87' lang='lat' dir='ltr'>Ni-</span> 
     </span>
     <span class='ocr_line' id='line_1_14' title="bbox 212 1068 1680 1122; baseline -0.001 -12"><span class='ocrx_word' id='word_1_110' title='bbox 212 1070 361 1110; x_wconf 88' lang='lat' dir='ltr'>cander</span> <span class='ocrx_word' id='word_1_111' title='bbox 400 1069 674 1122; x_wconf 84' lang='lat' dir='ltr'>Colophonius</span> <span class='ocrx_word' id='word_1_112' title='bbox 716 1068 955 1109; x_wconf 85' lang='lat' dir='ltr'>celebritate</span> <span class='ocrx_word' id='word_1_113' title='bbox 994 1074 1032 1109; x_wconf 88' lang='lat' dir='ltr'>et</span> <span class='ocrx_word' id='word_1_114' title='bbox 1071 1068 1198 1121; x_wconf 89' lang='lat' dir='ltr'>gloria</span> <span class='ocrx_word' id='word_1_115' title='bbox 1228 1069 1331 1109; x_wconf 88' lang='lat' dir='ltr'>adeo</span> <span class='ocrx_word' id='word_1_116' title='bbox 1375 1068 1600 1121; x_wconf 87' lang='lat' dir='ltr'>superavit,</span> <span class='ocrx_word' id='word_1_117' title='bbox 1638 1074 1680 1108; x_wconf 91' lang='lat' dir='ltr'>nt</span> 
     </span>
     <span class='ocr_line' id='line_1_15' title="bbox 213 1138 1680 1192; baseline -0.001 -12"><span class='ocrx_word' id='word_1_118' title='bbox 213 1153 355 1180; x_wconf 88' lang='lat' dir='ltr'>eorum</span> <span class='ocrx_word' id='word_1_119' title='bbox 388 1139 582 1180; x_wconf 89' lang='lat' dir='ltr'>memoria</span> <span class='ocrx_word' id='word_1_120' title='bbox 612 1139 718 1192; x_wconf 89' lang='lat' dir='ltr'>apud</span> <span class='ocrx_word' id='word_1_121' title='bbox 750 1138 1029 1192; x_wconf 86' lang='lat' dir='ltr'>posteritatem</span> <span class='ocrx_word' id='word_1_122' title='bbox 1062 1139 1292 1179; x_wconf 89' lang='lat' dir='ltr'>oblitterata</span> <span class='ocrx_word' id='word_1_123' title='bbox 1324 1139 1399 1180; x_wconf 90' lang='lat' dir='ltr'>sit:</span> <span class='ocrx_word' id='word_1_124' title='bbox 1438 1152 1517 1192; x_wconf 94' lang='lat' dir='ltr'>quo</span> <span class='ocrx_word' id='word_1_125' title='bbox 1546 1139 1680 1179; x_wconf 90' lang='lat' dir='ltr'>minus</span> 
     </span>
     <span class='ocr_line' id='line_1_16' title="bbox 210 1200 1679 1262; baseline 0 -13"><span class='ocrx_word' id='word_1_126' title='bbox 210 1200 246 1249; x_wconf 85' lang='lat' dir='ltr'>si</span> <span class='ocrx_word' id='word_1_127' title='bbox 280 1222 356 1262; x_wconf 92' lang='lat' dir='ltr'>qua</span> <span class='ocrx_word' id='word_1_128' title='bbox 388 1209 611 1261; x_wconf 85' lang='lat' dir='ltr'>fragmenta</span> <span class='ocrx_word' id='word_1_129' title='bbox 651 1209 727 1249; x_wconf 89' lang='lat' dir='ltr'>sub</span> <span class='ocrx_word' id='word_1_130' title='bbox 756 1208 947 1249; x_wconf 88' lang='lat' dir='ltr'>Nicandri</span> <span class='ocrx_word' id='word_1_131' title='bbox 980 1208 1145 1249; x_wconf 90' lang='lat' dir='ltr'>nomine</span> <span class='ocrx_word' id='word_1_132' title='bbox 1176 1209 1415 1262; x_wconf 88' lang='lat' dir='ltr'>simpliciter</span> <span class='ocrx_word' id='word_1_133' title='bbox 1445 1210 1679 1257; x_wconf 82' lang='lat' dir='ltr'>afferuntur,</span> 
     </span>
     <span class='ocr_line' id='line_1_17' title="bbox 211 1278 1106 1332; baseline 0 -13"><span class='ocrx_word' id='word_1_134' title='bbox 211 1292 256 1319; x_wconf 91' lang='lat' dir='ltr'>ea</span> <span class='ocrx_word' id='word_1_135' title='bbox 290 1278 541 1332; x_wconf 89' lang='lat' dir='ltr'>Colophonio</span> <span class='ocrx_word' id='word_1_136' title='bbox 575 1278 784 1320; x_wconf 89' lang='lat' dir='ltr'>ascribere</span> <span class='ocrx_word' id='word_1_137' title='bbox 817 1278 1106 1321; x_wconf 91' lang='lat' dir='ltr'>dubitabimus.</span> 
     </span>
    </p>

    <p class='ocr_par' dir='ltr' id='par_1_3' title="bbox 210 1347 1681 2030">
     <span class='ocr_line' id='line_1_18' title="bbox 352 1347 1680 1404; baseline 0 -15"><span class='ocrx_word' id='word_1_138' title='bbox 352 1348 499 1389; x_wconf 92' lang='lat' dir='ltr'>Libros</span> <span class='ocrx_word' id='word_1_139' title='bbox 528 1353 661 1389; x_wconf 84' lang='lat' dir='ltr'>autem</span> <span class='ocrx_word' id='word_1_140' title='bbox 693 1348 858 1404; x_wconf 89' lang='lat' dir='ltr'>scripsit</span> <span class='ocrx_word' id='word_1_141' title='bbox 888 1348 1093 1389; x_wconf 85' lang='lat' dir='ltr'>Nicander</span> <span class='ocrx_word' id='word_1_142' title='bbox 1122 1347 1333 1401; x_wconf 91' lang='lat' dir='ltr'>plurimos,</span> <span class='ocrx_word' id='word_1_143' title='bbox 1365 1347 1513 1402; x_wconf 90' lang='lat' dir='ltr'>quihus</span> <span class='ocrx_word' id='word_1_144' title='bbox 1543 1348 1680 1389; x_wconf 87' lang='lat' dir='ltr'>multi-</span> 
     </span>
     <span class='ocr_line' id='line_1_19' title="bbox 210 1413 1680 1473; baseline 0.001 -14"><span class='ocrx_word' id='word_1_145' title='bbox 210 1418 330 1472; x_wconf 90' lang='lat' dir='ltr'>plicis</span> <span class='ocrx_word' id='word_1_146' title='bbox 373 1418 583 1460; x_wconf 89' lang='lat' dir='ltr'>doctrinae</span> <span class='ocrx_word' id='word_1_147' title='bbox 622 1413 782 1461; x_wconf 88' lang='lat' dir='ltr'>laudem</span> <span class='ocrx_word' id='word_1_148' title='bbox 822 1419 901 1460; x_wconf 86' lang='lat' dir='ltr'>sibi</span> <span class='ocrx_word' id='word_1_149' title='bbox 945 1418 1203 1472; x_wconf 91' lang='lat' dir='ltr'>comparavit.</span> <span class='ocrx_word' id='word_1_150' title='bbox 1265 1418 1309 1459; x_wconf 91' lang='lat' dir='ltr'>Id</span> <span class='ocrx_word' id='word_1_151' title='bbox 1351 1419 1458 1473; x_wconf 89' lang='lat' dir='ltr'>quod</span> <span class='ocrx_word' id='word_1_152' title='bbox 1501 1419 1542 1459; x_wconf 92' lang='lat' dir='ltr'>in</span> <span class='ocrx_word' id='word_1_153' title='bbox 1571 1419 1680 1460; x_wconf 90' lang='lat' dir='ltr'>illius</span> 
     </span>
     <span class='ocr_line' id='line_1_20' title="bbox 211 1488 1678 1544; baseline 0 -14"><span class='ocrx_word' id='word_1_154' title='bbox 211 1489 354 1531; x_wconf 87' lang='lat' dir='ltr'>aetatis</span> <span class='ocrx_word' id='word_1_155' title='bbox 380 1489 547 1531; x_wconf 88' lang='lat' dir='ltr'>homine</span> <span class='ocrx_word' id='word_1_156' title='bbox 575 1502 656 1530; x_wconf 91' lang='lat' dir='ltr'>non</span> <span class='ocrx_word' id='word_1_157' title='bbox 689 1488 865 1539; x_wconf 89' lang='lat' dir='ltr'>mireris,</span> <span class='ocrx_word' id='word_1_158' title='bbox 897 1502 974 1543; x_wconf 86' lang='lat' dir='ltr'>qua</span> <span class='ocrx_word' id='word_1_159' title='bbox 1006 1489 1270 1530; x_wconf 91' lang='lat' dir='ltr'>doctissimus</span> <span class='ocrx_word' id='word_1_160' title='bbox 1302 1489 1476 1544; x_wconf 89' lang='lat' dir='ltr'>quisque</span> <span class='ocrx_word' id='word_1_161' title='bbox 1507 1489 1556 1530; x_wconf 85' lang='lat' dir='ltr'>ad</span> <span class='ocrx_word' id='word_1_162' title='bbox 1587 1503 1678 1530; x_wconf 82' lang='grc' dir='ltr'>πο-</span> 
     </span>
     <span class='ocr_line' id='line_1_21' title="bbox 210 1555 1679 1613; baseline 0.001 -14"><span class='ocrx_word' id='word_1_163' title='bbox 210 1555 445 1611; x_wconf 77' lang='grc' dir='ltr'><strong><em>λυμαθίαν</em></strong></span> <span class='ocrx_word' id='word_1_164' title='bbox 476 1573 594 1613; x_wconf 87' lang='lat' dir='ltr'>quam</span> <span class='ocrx_word' id='word_1_165' title='bbox 627 1561 799 1601; x_wconf 84' lang='lat' dir='ltr'>maxime</span> <span class='ocrx_word' id='word_1_166' title='bbox 832 1560 1047 1612; x_wconf 87' lang='lat' dir='ltr'>aspirabat.</span> <span class='ocrx_word' id='word_1_167' title='bbox 1109 1560 1189 1600; x_wconf 88' lang='lat' dir='ltr'>Sed</span> <span class='ocrx_word' id='word_1_168' title='bbox 1224 1559 1320 1613; x_wconf 89' lang='lat' dir='ltr'>quid</span> <span class='ocrx_word' id='word_1_169' title='bbox 1340 1560 1382 1599; x_wconf 90' lang='lat' dir='ltr'>in</span> <span class='ocrx_word' id='word_1_170' title='bbox 1406 1560 1679 1612; x_wconf 85' lang='lat' dir='ltr'>grammaticis</span> 
     </span>
     <span class='ocr_line' id='line_1_22' title="bbox 211 1627 1681 1682; baseline 0.001 -15"><span class='ocrx_word' id='word_1_171' title='bbox 211 1627 358 1668; x_wconf 91' lang='lat' dir='ltr'>studiis</span> <span class='ocrx_word' id='word_1_172' title='bbox 390 1629 639 1680; x_wconf 89' lang='lat' dir='ltr'>praestiterit</span> <span class='ocrx_word' id='word_1_173' title='bbox 668 1629 892 1678; x_wconf 88' lang='lat' dir='ltr'>Nicander,</span> <span class='ocrx_word' id='word_1_174' title='bbox 936 1629 1101 1670; x_wconf 88' lang='lat' dir='ltr'>difficile</span> <span class='ocrx_word' id='word_1_175' title='bbox 1134 1635 1196 1670; x_wconf 91' lang='lat' dir='ltr'>est</span> <span class='ocrx_word' id='word_1_176' title='bbox 1226 1629 1357 1678; x_wconf 87' lang='lat' dir='ltr'>dictu,</span> <span class='ocrx_word' id='word_1_177' title='bbox 1396 1642 1487 1670; x_wconf 92' lang='lat' dir='ltr'>cum</span> <span class='ocrx_word' id='word_1_178' title='bbox 1518 1634 1681 1682; x_wconf 87' lang='lat' dir='ltr'>praeter</span> 
     </span>
     <span class='ocr_line' id='line_1_23' title="bbox 211 1695 1679 1752; baseline 0.003 -17"><span class='ocrx_word' id='word_1_179' title='bbox 211 1695 376 1737; x_wconf 87' lang='lat' dir='ltr'>Glossas</span> <span class='ocrx_word' id='word_1_180' title='bbox 406 1698 556 1750; x_wconf 88' lang='lat' dir='ltr'>scripta</span> <span class='ocrx_word' id='word_1_181' title='bbox 585 1698 672 1739; x_wconf 88' lang='lat' dir='ltr'>cius</span> <span class='ocrx_word' id='word_1_182' title='bbox 699 1699 741 1739; x_wconf 92' lang='lat' dir='ltr'>in</span> <span class='ocrx_word' id='word_1_183' title='bbox 773 1699 851 1740; x_wconf 92' lang='lat' dir='ltr'>hoc</span> <span class='ocrx_word' id='word_1_184' title='bbox 871 1711 1021 1752; x_wconf 86' lang='lat' dir='ltr'>genere</span> <span class='ocrx_word' id='word_1_185' title='bbox 1040 1698 1148 1739; x_wconf 91' lang='lat' dir='ltr'>nulla</span> <span class='ocrx_word' id='word_1_186' title='bbox 1171 1704 1552 1741; x_wconf 87' lang='lat' dir='ltr'>commemorentur.</span> <span class='ocrx_word' id='word_1_187' title='bbox 1614 1699 1679 1740; x_wconf 91' lang='lat' dir='ltr'>Si-</span> 
     </span>
     <span class='ocr_line' id='line_1_24' title="bbox 214 1766 1679 1825; baseline 0.004 -20"><span class='ocrx_word' id='word_1_188' title='bbox 214 1766 309 1820; x_wconf 82' lang='lat' dir='ltr'>quid</span> <span class='ocrx_word' id='word_1_189' title='bbox 343 1773 478 1809; x_wconf 88' lang='lat' dir='ltr'>tamen</span> <span class='ocrx_word' id='word_1_190' title='bbox 511 1782 560 1809; x_wconf 86' lang='lat' dir='ltr'>ex</span> <span class='ocrx_word' id='word_1_191' title='bbox 605 1770 871 1825; x_wconf 84' lang='lat' dir='ltr'>superstitum</span> <span class='ocrx_word' id='word_1_192' title='bbox 908 1769 1134 1811; x_wconf 87' lang='lat' dir='ltr'>carminum</span> <span class='ocrx_word' id='word_1_193' title='bbox 1175 1769 1401 1811; x_wconf 88' lang='lat' dir='ltr'>elocutione</span> <span class='ocrx_word' id='word_1_194' title='bbox 1438 1769 1679 1823; x_wconf 88' lang='lat' dir='ltr'>colligimus,</span> 
     </span>
     <span class='ocr_line' id='line_1_25' title="bbox 212 1836 1680 1892; baseline 0.003 -16"><span class='ocrx_word' id='word_1_195' title='bbox 212 1836 416 1877; x_wconf 89' lang='lat' dir='ltr'>assiduam</span> <span class='ocrx_word' id='word_1_196' title='bbox 470 1838 731 1892; x_wconf 87' lang='lat' dir='ltr'>antiquorum</span> <span class='ocrx_word' id='word_1_197' title='bbox 782 1840 1028 1891; x_wconf 90' lang='lat' dir='ltr'>scriptorum</span> <span class='ocrx_word' id='word_1_198' title='bbox 1079 1839 1296 1880; x_wconf 89' lang='lat' dir='ltr'>lectionem</span> <span class='ocrx_word' id='word_1_199' title='bbox 1339 1839 1493 1888; x_wconf 82' lang='lat' dir='ltr'>attulit3</span> <span class='ocrx_word' id='word_1_200' title='bbox 1533 1839 1680 1892; x_wconf 85' lang='lat' dir='ltr'>quippe</span> 
     </span>
     <span class='ocr_line' id='line_1_26' title="bbox 214 1905 1680 1963; baseline 0.004 -19"><span class='ocrx_word' id='word_1_201' title='bbox 214 1905 282 1959; x_wconf 86' lang='lat' dir='ltr'>qui</span> <span class='ocrx_word' id='word_1_202' title='bbox 322 1918 510 1958; x_wconf 86' lang='lat' dir='ltr'>magnam</span> <span class='ocrx_word' id='word_1_203' title='bbox 543 1907 912 1948; x_wconf 86' lang='lat' dir='ltr'>diversissimarum</span> <span class='ocrx_word' id='word_1_204' title='bbox 940 1908 1167 1960; x_wconf 84' lang='lat' dir='ltr'>glossarum</span> <span class='ocrx_word' id='word_1_205' title='bbox 1200 1909 1279 1949; x_wconf 90' lang='lat' dir='ltr'>vim</span> <span class='ocrx_word' id='word_1_206' title='bbox 1309 1913 1498 1957; x_wconf 86' lang='lat' dir='ltr'>ostentet,</span> <span class='ocrx_word' id='word_1_207' title='bbox 1533 1909 1680 1963; x_wconf 89' lang='lat' dir='ltr'>quibus</span> 
     </span>
     <span class='ocr_line' id='line_1_27' title="bbox 212 1974 1175 2030; baseline 0.004 -16"><span class='ocrx_word' id='word_1_208' title='bbox 212 1974 341 2015; x_wconf 88' lang='lat' dir='ltr'>libros</span> <span class='ocrx_word' id='word_1_209' title='bbox 373 1981 577 2030; x_wconf 86' lang='lat' dir='ltr'>tamquam</span> <span class='ocrx_word' id='word_1_210' title='bbox 610 1990 732 2029; x_wconf 85' lang='lat' dir='ltr'>opere</span> <span class='ocrx_word' id='word_1_211' title='bbox 764 1979 923 2019; x_wconf 88' lang='lat' dir='ltr'>musivo</span> <span class='ocrx_word' id='word_1_212' title='bbox 955 1979 1175 2019; x_wconf 82' lang='lat' dir='ltr'>exornavit.</span> 
     </span>
    </p>

    <p class='ocr_par' dir='ltr' id='par_1_4' title="bbox 211 2043 1682 2877">
     <span class='ocr_line' id='line_1_28' title="bbox 264 2043 1681 2099; baseline 0 -11"><span class='ocrx_word' id='word_1_213' title='bbox 264 2085 267 2088; x_wconf 92' lang='lat'>.</span> <span class='ocrx_word' id='word_1_214' title='bbox 329 2043 466 2097; x_wconf 87' lang='lat' dir='ltr'>Itaque</span> <span class='ocrx_word' id='word_1_215' title='bbox 497 2045 657 2098; x_wconf 86' lang='lat' dir='ltr'>singula</span> <span class='ocrx_word' id='word_1_216' title='bbox 689 2047 723 2087; x_wconf 92' lang='lat' dir='ltr'>si</span> <span class='ocrx_word' id='word_1_217' title='bbox 755 2047 1122 2099; x_wconf 82' lang='lat' dir='ltr'>circumspicimus,</span> <span class='ocrx_word' id='word_1_218' title='bbox 1155 2047 1277 2088; x_wconf 89' lang='lat' dir='ltr'>multa</span> <span class='ocrx_word' id='word_1_219' title='bbox 1300 2046 1502 2088; x_wconf 92' lang='lat' dir='ltr'>Nicander</span> <span class='ocrx_word' id='word_1_220' title='bbox 1534 2060 1581 2088; x_wconf 89' lang='lat' dir='ltr'>ex</span> <span class='ocrx_word' id='word_1_221' title='bbox 1599 2048 1681 2089; x_wconf 89' lang='lat' dir='ltr'>He—</span> 
     </span>
     <span class='ocr_line' id='line_1_29' title="bbox 214 2111 1682 2172; baseline 0.004 -21"><span class='ocrx_word' id='word_1_222' title='bbox 214 2111 344 2160; x_wconf 92' lang='lat' dir='ltr'>siodo,</span> <span class='ocrx_word' id='word_1_223' title='bbox 378 2112 635 2163; x_wconf 85' lang='lat' dir='ltr'>Archilocho,</span> <span class='ocrx_word' id='word_1_224' title='bbox 670 2114 862 2163; x_wconf 86' lang='lat' dir='ltr'>Pindaro,</span> <span class='ocrx_word' id='word_1_225' title='bbox 899 2116 1032 2172; x_wconf 79' lang='lat' dir='ltr'>poetis</span> <span class='ocrx_word' id='word_1_226' title='bbox 1063 2116 1242 2167; x_wconf 84' lang='lat' dir='ltr'>tragicis,</span> <span class='ocrx_word' id='word_1_227' title='bbox 1272 2115 1540 2168; x_wconf 88' lang='lat' dir='ltr'>Aristophane</span> <span class='ocrx_word' id='word_1_228' title='bbox 1570 2117 1682 2158; x_wconf 89' lang='lat' dir='ltr'>aliis--</span> 
     </span>
     <span class='ocr_line' id='line_1_30' title="bbox 213 2181 1681 2237; baseline 0.005 -17"><span class='ocrx_word' id='word_1_229' title='bbox 213 2185 291 2234; x_wconf 86' lang='lat' dir='ltr'>que</span> <span class='ocrx_word' id='word_1_230' title='bbox 321 2181 453 2233; x_wconf 89' lang='lat' dir='ltr'>poetis</span> <span class='ocrx_word' id='word_1_231' title='bbox 486 2183 668 2237; x_wconf 87' lang='lat' dir='ltr'>arripuit.</span> <span class='ocrx_word' id='word_1_232' title='bbox 741 2185 1021 2226; x_wconf 83' lang='lat' dir='ltr'>Antimachum</span> <span class='ocrx_word' id='word_1_233' title='bbox 1060 2191 1194 2227; x_wconf 88' lang='lat' dir='ltr'>autem</span> <span class='ocrx_word' id='word_1_234' title='bbox 1237 2199 1328 2226; x_wconf 89' lang='lat' dir='ltr'>eum</span> <span class='ocrx_word' id='word_1_235' title='bbox 1360 2186 1558 2226; x_wconf 90' lang='lat' dir='ltr'>imitatum</span> <span class='ocrx_word' id='word_1_236' title='bbox 1590 2200 1681 2228; x_wconf 88' lang='lat' dir='ltr'>esse</span> 
     </span>
     <span class='ocr_line' id='line_1_31' title="bbox 212 2254 1679 2304; baseline 0.006 -15"><span class='ocrx_word' id='word_1_237' title='bbox 212 2261 304 2289; x_wconf 91' lang='lat' dir='ltr'>cum</span> <span class='ocrx_word' id='word_1_238' title='bbox 335 2262 409 2303; x_wconf 92' lang='lat' dir='ltr'>per</span> <span class='ocrx_word' id='word_1_239' title='bbox 436 2264 480 2291; x_wconf 93' lang='lat' dir='ltr'>se</span> <span class='ocrx_word' id='word_1_240' title='bbox 511 2258 640 2304; x_wconf 86' lang='lat' dir='ltr'>patet,</span> <span class='ocrx_word' id='word_1_241' title='bbox 686 2259 769 2294; x_wconf 91' lang='lat' dir='ltr'>tum</span> <span class='ocrx_word' id='word_1_242' title='bbox 811 2254 975 2296; x_wconf 82' lang='lat' dir='ltr'>disertis</span> <span class='ocrx_word' id='word_1_243' title='bbox 1017 2255 1154 2296; x_wconf 88' lang='lat' dir='ltr'>verbis</span> <span class='ocrx_word' id='word_1_244' title='bbox 1195 2268 1217 2295; x_wconf 88' lang='lat' dir='ltr'>a</span> <span class='ocrx_word' id='word_1_245' title='bbox 1245 2254 1379 2295; x_wconf 90' lang='lat' dir='ltr'>Schol.</span> <span class='ocrx_word' id='word_1_246' title='bbox 1414 2254 1536 2296; x_wconf 90' lang='lat' dir='ltr'>Ther.</span> <span class='ocrx_word' id='word_1_247' title='bbox 1569 2269 1606 2295; x_wconf 89' lang='lat' dir='ltr'>v.</span> <span class='ocrx_word' id='word_1_248' title='bbox 1638 2256 1679 2298; x_wconf 83' lang='lat'>4.</span> 
     </span>
     <span class='ocr_line' id='line_1_32' title="bbox 212 2319 1681 2377; baseline 0.005 -19"><span class='ocrx_word' id='word_1_249' title='bbox 212 2319 407 2359; x_wconf 86' lang='lat' dir='ltr'>traditum</span> <span class='ocrx_word' id='word_1_250' title='bbox 439 2327 512 2361; x_wconf 87' lang='lat' dir='ltr'>est.</span> <span class='ocrx_word' id='word_1_251' title='bbox 594 2322 652 2362; x_wconf 87' lang='lat' dir='ltr'>Ex</span> <span class='ocrx_word' id='word_1_252' title='bbox 682 2324 907 2364; x_wconf 77' lang='lat' dir='ltr'>Antimachi</span> <span class='ocrx_word' id='word_1_253' title='bbox 947 2324 1183 2376; x_wconf 82' lang='lat' dir='ltr'>fragmentis</span> <span class='ocrx_word' id='word_1_254' title='bbox 1228 2336 1469 2377; x_wconf 88' lang='lat' dir='ltr'>quamquam</span> <span class='ocrx_word' id='word_1_255' title='bbox 1508 2324 1681 2365; x_wconf 86' lang='lat' dir='ltr'>certiora</span> 
     </span>
     <span class='ocr_line' id='line_1_33' title="bbox 212 2386 1678 2450; baseline 0.005 -21"><span class='ocrx_word' id='word_1_256' title='bbox 212 2390 285 2430; x_wconf 90' lang='lat' dir='ltr'>hac</span> <span class='ocrx_word' id='word_1_257' title='bbox 314 2390 363 2431; x_wconf 90' lang='lat' dir='ltr'>de</span> <span class='ocrx_word' id='word_1_258' title='bbox 396 2404 441 2431; x_wconf 89' lang='lat' dir='ltr'>re</span> <span class='ocrx_word' id='word_1_259' title='bbox 474 2392 608 2445; x_wconf 87' lang='lat' dir='ltr'>colligi</span> <span class='ocrx_word' id='word_1_260' title='bbox 643 2395 706 2434; x_wconf 89' lang='lat' dir='ltr'>vix</span> <span class='ocrx_word' id='word_1_261' title='bbox 738 2401 924 2447; x_wconf 81' lang='lat' dir='ltr'>possunt,</span> <span class='ocrx_word' id='word_1_262' title='bbox 957 2395 1090 2436; x_wconf 88' lang='lat' dir='ltr'>notavi</span> <span class='ocrx_word' id='word_1_263' title='bbox 1122 2401 1255 2435; x_wconf 88' lang='lat' dir='ltr'>tamen</span> <span class='ocrx_word' id='word_1_264' title='bbox 1287 2386 1492 2450; x_wconf 79' lang='grc' dir='ltr'><strong><em>ἅμορβὸς</em></strong></span> <span class='ocrx_word' id='word_1_265' title='bbox 1520 2406 1568 2434; x_wconf 92' lang='lat' dir='ltr'>ex</span> <span class='ocrx_word' id='word_1_266' title='bbox 1587 2396 1678 2436; x_wconf 90' lang='lat' dir='ltr'>Ant.</span> 
     </span>
     <span class='ocr_line' id='line_1_34' title="bbox 213 2459 1681 2521; baseline 0.005 -23"><span class='ocrx_word' id='word_1_267' title='bbox 213 2460 260 2499; x_wconf 84' lang='lat' dir='ltr'>fr.</span> <span class='ocrx_word' id='word_1_268' title='bbox 285 2459 353 2510; x_wconf 89' lang='lat'>16,</span> <span class='ocrx_word' id='word_1_269' title='bbox 379 2459 605 2516; x_wconf 81' lang='grc' dir='ltr'><strong><em>κελέβειον</em></strong></span> <span class='ocrx_word' id='word_1_270' title='bbox 626 2477 698 2517; x_wconf 92' lang='lat' dir='ltr'>pro</span> <span class='ocrx_word' id='word_1_271' title='bbox 729 2462 889 2521; x_wconf 79' lang='grc' dir='ltr'><em>κελέβη</em></span> <span class='ocrx_word' id='word_1_272' title='bbox 908 2480 929 2507; x_wconf 90' lang='lat' dir='ltr'>e</span> <span class='ocrx_word' id='word_1_273' title='bbox 950 2467 998 2507; x_wconf 82' lang='lat' dir='ltr'>fr.</span> <span class='ocrx_word' id='word_1_274' title='bbox 1026 2464 1211 2515; x_wconf 71' lang='lat' dir='ltr'>‘ts—20,</span> <span class='ocrx_word' id='word_1_275' title='bbox 1245 2460 1391 2514; x_wconf 83' lang='grc' dir='ltr'><strong><em>πλόος</em></strong></span> <span class='ocrx_word' id='word_1_276' title='bbox 1421 2465 1469 2506; x_wconf 89' lang='lat' dir='ltr'>de</span> <span class='ocrx_word' id='word_1_277' title='bbox 1496 2466 1681 2508; x_wconf 88' lang='lat' dir='ltr'>terrestri</span> 
     </span>
     <span class='ocr_line' id='line_1_35' title="bbox 213 2532 1679 2589; baseline 0.003 -17"><span class='ocrx_word' id='word_1_278' title='bbox 213 2532 361 2573; x_wconf 86' lang='lat' dir='ltr'>itinere</span> <span class='ocrx_word' id='word_1_279' title='bbox 393 2541 630 2587; x_wconf 88' lang='lat' dir='ltr'>usurpatum</span> <span class='ocrx_word' id='word_1_280' title='bbox 653 2550 674 2576; x_wconf 88' lang='lat' dir='ltr'>e</span> <span class='ocrx_word' id='word_1_281' title='bbox 694 2537 743 2577; x_wconf 79' lang='lat' dir='ltr'>fr.</span> <span class='ocrx_word' id='word_1_282' title='bbox 769 2537 837 2586; x_wconf 88' lang='grc'>74,</span> <span class='ocrx_word' id='word_1_283' title='bbox 871 2533 1142 2585; x_wconf 82' lang='grc' dir='ltr'><strong><em>πολύστειος</em></strong></span> <span class='ocrx_word' id='word_1_284' title='bbox 1161 2537 1211 2578; x_wconf 83' lang='lat' dir='ltr'>cf.</span> <span class='ocrx_word' id='word_1_285' title='bbox 1236 2536 1349 2577; x_wconf 90' lang='lat' dir='ltr'>Stoll.</span> <span class='ocrx_word' id='word_1_286' title='bbox 1371 2536 1419 2576; x_wconf 92' lang='lat' dir='ltr'>ad</span> <span class='ocrx_word' id='word_1_287' title='bbox 1439 2537 1529 2577; x_wconf 90' lang='lat' dir='ltr'>Ant.</span> <span class='ocrx_word' id='word_1_288' title='bbox 1552 2550 1591 2589; x_wconf 79' lang='lat' dir='ltr'>p,</span> <span class='ocrx_word' id='word_1_289' title='bbox 1611 2537 1679 2577; x_wconf 86' lang='lat'>34.</span> 
     </span>
     <span class='ocr_line' id='line_1_36' title="bbox 211 2601 1680 2662; baseline 0.002 -17"><span class='ocrx_word' id='word_1_290' title='bbox 211 2606 342 2646; x_wconf 91' lang='lat' dir='ltr'>Porro</span> <span class='ocrx_word' id='word_1_291' title='bbox 377 2619 425 2646; x_wconf 87' lang='lat' dir='ltr'>ex</span> <span class='ocrx_word' id='word_1_292' title='bbox 453 2607 597 2647; x_wconf 89' lang='lat' dir='ltr'>eodem</span> <span class='ocrx_word' id='word_1_293' title='bbox 639 2607 748 2647; x_wconf 85' lang='lat' dir='ltr'>fonte</span> <span class='ocrx_word' id='word_1_294' title='bbox 789 2607 957 2649; x_wconf 87' lang='lat' dir='ltr'>dorismi</span> <span class='ocrx_word' id='word_1_295' title='bbox 989 2612 1222 2656; x_wconf 88' lang='lat' dir='ltr'>manarunt,</span> <span class='ocrx_word' id='word_1_296' title='bbox 1264 2606 1373 2647; x_wconf 88' lang='lat' dir='ltr'>velut</span> <span class='ocrx_word' id='word_1_297' title='bbox 1404 2601 1556 2662; x_wconf 79' lang='grc' dir='ltr'><em>ὁάγμα</em></span> <span class='ocrx_word' id='word_1_298' title='bbox 1589 2621 1680 2649; x_wconf 88' lang='lat' dir='ltr'>eum</span> 
     </span>
     <span class='ocr_line' id='line_1_37' title="bbox 215 2675 1682 2732; baseline 0 -14"><span class='ocrx_word' id='word_1_299' title='bbox 215 2689 379 2730; x_wconf 89' lang='lat' dir='ltr'>semper</span> <span class='ocrx_word' id='word_1_300' title='bbox 419 2689 493 2730; x_wconf 90' lang='lat' dir='ltr'>pro</span> <span class='ocrx_word' id='word_1_301' title='bbox 536 2675 684 2732; x_wconf 76' lang='grc' dir='ltr'><em>δῆγμα</em></span> <span class='ocrx_word' id='word_1_302' title='bbox 718 2677 868 2719; x_wconf 88' lang='lat' dir='ltr'>dixisse</span> <span class='ocrx_word' id='word_1_303' title='bbox 905 2683 1045 2718; x_wconf 90' lang='lat' dir='ltr'>auctor</span> <span class='ocrx_word' id='word_1_304' title='bbox 1088 2682 1149 2717; x_wconf 90' lang='lat' dir='ltr'>est</span> <span class='ocrx_word' id='word_1_305' title='bbox 1179 2675 1313 2719; x_wconf 90' lang='lat' dir='ltr'>Schol.</span> <span class='ocrx_word' id='word_1_306' title='bbox 1348 2676 1470 2717; x_wconf 87' lang='lat' dir='ltr'>Ther.</span> <span class='ocrx_word' id='word_1_307' title='bbox 1507 2675 1604 2717; x_wconf 87' lang='grc'><strong>119.</strong></span> <span class='ocrx_word' id='word_1_308' title='bbox 1637 2691 1682 2718; x_wconf 91' lang='lat' dir='ltr'>ac</span> 
     </span>
     <span class='ocr_line' id='line_1_38' title="bbox 216 2742 1680 2803; baseline -0.001 -14"><span class='ocrx_word' id='word_1_309' title='bbox 216 2750 386 2791; x_wconf 87' lang='lat' dir='ltr'>fortasse</span> <span class='ocrx_word' id='word_1_310' title='bbox 424 2749 465 2790; x_wconf 91' lang='lat' dir='ltr'>in</span> <span class='ocrx_word' id='word_1_311' title='bbox 495 2748 610 2789; x_wconf 85' lang='lat' dir='ltr'>Alex.</span> <span class='ocrx_word' id='word_1_312' title='bbox 648 2747 743 2790; x_wconf 84' lang='lat'>119.</span> <span class='ocrx_word' id='word_1_313' title='bbox 789 2742 982 2803; x_wconf 77' lang='grc' dir='ltr'><em>δαγμὸν,</em></span> <span class='ocrx_word' id='word_1_314' title='bbox 1027 2747 1132 2801; x_wconf 87' lang='lat' dir='ltr'>quod</span> <span class='ocrx_word' id='word_1_315' title='bbox 1164 2747 1398 2789; x_wconf 87' lang='lat' dir='ltr'>Eustathius</span> <span class='ocrx_word' id='word_1_316' title='bbox 1435 2747 1680 2799; x_wconf 86' lang='lat' dir='ltr'>suppeditat,</span> 
     </span>
     <span class='ocr_line' id='line_1_39' title="bbox 214 2812 1680 2877; baseline -0.002 -15"><span class='ocrx_word' id='word_1_317' title='bbox 214 2832 289 2875; x_wconf 89' lang='lat' dir='ltr'>pro</span> <span class='ocrx_word' id='word_1_318' title='bbox 321 2815 489 2874; x_wconf 80' lang='grc' dir='ltr'><em>δηγμὸν</em></span> <span class='ocrx_word' id='word_1_319' title='bbox 519 2818 783 2861; x_wconf 85' lang='lat' dir='ltr'>scribendum</span> <span class='ocrx_word' id='word_1_320' title='bbox 815 2824 889 2864; x_wconf 85' lang='lat' dir='ltr'>est.</span> <span class='ocrx_word' id='word_1_321' title='bbox 951 2818 1104 2868; x_wconf 88' lang='lat' dir='ltr'>Deinde</span> <span class='ocrx_word' id='word_1_322' title='bbox 1136 2812 1304 2877; x_wconf 71' lang='grc' dir='ltr'><strong><em>θιβρός</em></strong></span> <span class='ocrx_word' id='word_1_323' title='bbox 1335 2817 1437 2871; x_wconf 90' lang='lat' dir='ltr'>(non</span> <span class='ocrx_word' id='word_1_324' title='bbox 1466 2813 1680 2877; x_wconf 74' lang='grc' dir='ltr'><strong><em>θιμβρὸς,</em></strong></span> 
     </span>
    </p>
   </div>
  </div>
 </body>
</html>
