1811 3132
895 144 924 188 6

175 264 381 306 lectitasse
411 263 631 306 Homerum
681 265 775 306 inde
804 262 1012 317 probatur.
1080 264 1162 305 Sed
1206 265 1505 307 commentariis
1552 278 1642 308 eum

178 334 421 376 instruxisse
448 340 607 387 poetam
655 348 737 376 non
779 340 839 377 est
865 336 1083 381 traditum,
1125 347 1258 389 neque
1296 335 1372 376 hoc
1411 335 1505 376 inde
1538 337 1641 378 ellici

175 409 323 455 potest,
353 404 460 457 quod
493 405 535 444 in
564 405 642 444 fine
675 406 796 445 Ther.
825 419 861 445 ν.
878 404 962 445 947
995 419 1039 446 se
1067 406 1198 458 ipsum
1229 406 1473 446 Homereum
1505 407 1643 458 appel-

176 473 242 513 lat.
314 473 444 514 Huius
476 474 583 514 enim
614 475 868 527 cognominis
902 481 940 516 et
971 468 1103 516 vai-iae
1135 488 1279 517 causae
1311 480 1481 528 possunt
1509 475 1642 515 ass'erri

175 548 216 582 et
256 556 276 582 a
320 543 553 584 scholiastis
592 544 732 584 allatae
765 550 880 585 sunt:
926 536 957 598 ἢ
987 539 1064 584 διὰ
1093 540 1170 585 τὸν
1199 540 1354 599 ζῆλον,
1399 535 1429 598 ἤ
1459 539 1534 584 διὰ
1565 538 1644 597 τὴν

176 605 394 666 πατρίδα.
474 606 779 667 Κολοφώνιον
818 608 904 667 γὰρ
932 606 1045 652 ἔνιοι
1078 607 1156 652 τὸν
1176 606 1380 668 ’Όμηρον
1412 608 1644 667 ἐγενεαλό-

175 690 329 733 γησαν·
356 671 388 735 ἢ
414 672 526 728 ἴσως
544 672 799 735 Ὁμηρικὸν,
818 673 970 736 ὥςπερ
989 676 1259 737 Κρατίνειον
1280 679 1327 731 (l.
1344 677 1644 737 Κρατήτειον)

176 745 254 789 καὶ
279 742 630 804 Ἀριστάρχειον.
692 753 742 789 At
769 750 858 791 Joh.
894 751 1086 799 Tzetzes,
1129 750 1169 790 in
1202 751 1329 791 schol.
1371 752 1419 791 ad
1452 765 1564 804 exeg.
1597 753 1641 792 ll.

174 831 213 871 p.
248 817 345 860 131.
376 819 514 860 Herm.
547 832 703 861 summa
729 821 895 862 audacia
926 820 1026 863 haec
1054 820 1307 874 pronuntiat:
1340 817 1443 863 Νίκ.
1477 814 1501 862 ὁ
1530 819 1645 865 Κολ.

173 907 231 914 ——
251 881 297 927 ἐν
320 885 386 942 τῷ
410 885 529 928 τέλει
558 887 646 927 τῶν
671 885 910 944 Θηριακῶν
931 885 1235 945 Κολοφώνιόν
1257 901 1395 945 φησιν
1426 880 1540 931 εἶναι
1567 885 1646 930 τὸν

179 949 399 1012 ’Ὀμηροις
427 952 631 1012 ἐπαίρων
652 950 738 998 κᾶκ
757 956 919 999 τούτου
942 953 1231 1013 ἐγκωμιάζων
1251 951 1401 999 αὑτόν.
1416 956 1506 999 κτλ.
1569 960 1645 1000 Ce-

177 1031 309 1067 terum
341 1039 443 1080 quae
475 1027 516 1067 in
544 1027 712 1068 scholiis
742 1028 968 1070 Homericis
997 1028 1197 1070 Nicandro
1233 1029 1476 1078 tribuuntur,
1509 1034 1575 1070 aut
1595 1044 1644 1070 ex

175 1097 424 1138 carminibus
454 1097 541 1138 eius
573 1098 693 1150 petita
726 1104 822 1139 sunt
851 1105 918 1140 aut
951 1112 972 1140 e
1005 1100 1161 1140 Glossis
1191 1100 1358 1141 fluxisse
1387 1100 1586 1140 videntur.

292 1166 498 1207 Nicander
526 1174 642 1219 poeta
673 1180 806 1221 neque
839 1170 878 1208 in
912 1169 1206 1220 compositione
1234 1169 1480 1217 carminum,
1512 1181 1644 1222 neque

177 1236 218 1277 in
251 1244 580 1290 argumentorum
615 1237 776 1279 delectu
808 1238 857 1278 ab
890 1239 1030 1279 aetatis
1063 1251 1158 1280 suae
1180 1238 1345 1291 ingenio
1365 1238 1560 1279 recessit:
1594 1239 1643 1279 de

177 1322 255 1362 quo
286 1313 379 1361 post
410 1308 762 1361 splendidissimas
795 1308 1040 1362 Bernhardyi
1083 1309 1377 1362 disputationes
1417 1310 1643 1351 accuratius

176 1391 380 1432 exponere
412 1379 682 1419 nonattinet.
762 1379 1006 1420 Reconditae
1048 1385 1180 1419 autem
1224 1378 1464 1419 eruditionis
1504 1378 1644 1419 laudes

175 1450 304 1502 magis
329 1449 365 1490 ei
390 1449 501 1490 cordi
535 1450 700 1490 suerunt
733 1462 851 1502 quam
883 1450 1020 1489 laurus
1040 1449 1252 1501 Apollinis,
1286 1461 1419 1501 neque
1441 1448 1584 1488 altiore
1605 1454 1645 1489 et

177 1518 292 1573 quasi
322 1517 459 1558 divino
492 1517 639 1570 spiritu
660 1517 788 1558 elatus
813 1517 1059 1558 carminibus
1080 1516 1284 1569 fingendis
1305 1517 1434 1569 magis
1462 1529 1555 1557 sese
1578 1529 1645 1557 ac-

178 1586 302 1627 cinxit
326 1599 443 1640 quam
466 1587 750 1634 Callimachus,
775 1588 933 1635 Aratus,
956 1587 1180 1640 Lycophro,
1204 1586 1285 1626 alii.
1329 1586 1468 1626 Studia
1492 1591 1643 1626 tantum

179 1657 452 1710 grammatica,
486 1657 693 1705 historica,
728 1657 1016 1710 mythologica,
1049 1656 1228 1703 medica,
1271 1655 1517 1697 carminibus
1548 1657 1645 1696 arti-

176 1726 316 1767 ficiose
348 1726 513 1766 structis
556 1727 793 1767 doctissimo
834 1727 980 1780 cuique
1023 1726 1248 1780 aequalium
1294 1726 1469 1778 probare
1504 1726 1643 1775 voluit,

179 1797 247 1850 qui
280 1796 478 1849 poeticam
504 1797 693 1838 virtutem
727 1797 811 1837 sola
842 1797 1024 1838 doctrina
1058 1802 1098 1837 et
1138 1795 1346 1836 doctrinae
1378 1794 1646 1835 ostentatione

177 1867 462 1908 metiebantur.
525 1868 713 1908 Doctrina
749 1873 881 1907 autem
909 1867 1098 1920 aequales
1132 1865 1327 1919 aequavit,
1359 1864 1555 1917 plurimos
1576 1878 1645 1905 su-

178 1936 331 1989 peravit
361 1935 574 1976 Nicander.
645 1936 752 1976 Haec
784 1935 908 1988 igitur
940 1932 1115 1976 carmina
1158 1935 1208 1974 ad
1243 1933 1486 1974 didacticum
1519 1945 1645 1985 genus

177 2003 391 2044 reserenda
423 2009 518 2043 sunt
547 2004 695 2050 omnia,
728 2004 874 2057 quibus
895 2003 1126 2044 reconditas
1155 2002 1342 2054 inprimis
1375 2001 1527 2042 fabulas
1550 2014 1646 2053 pro-

179 2074 338 2126 posuit,
384 2073 534 2126 triplici
570 2073 725 2113 ratione
766 2080 804 2113 et
844 2086 956 2113 more
998 2073 1159 2113 illorum
1199 2077 1434 2125 poetarum,
1478 2071 1527 2111 de
1567 2084 1645 2124 qno

177 2144 398 2184 Merkelius
418 2143 594 2195 disputat
617 2143 658 2183 in
680 2143 918 2195 prolusione
945 2143 993 2182 ad
1025 2142 1139 2183 Ovid.
1159 2142 1214 2181 lb.
1237 2154 1275 2192 p.
1301 2140 1399 2180 346.
1442 2141 1519 2179 Aut
1539 2140 1645 2179 enim

183 2213 408 2254 minoribus
440 2214 636 2266 poematis
688 2214 820 2254 variae
869 2212 1202 2266 proponebantur
1243 2210 1421 2257 fabulae,
1467 2222 1567 2263 quae
1598 2209 1647 2249 de

182 2298 258 2325 una
292 2284 463 2337 quadam
489 2284 662 2336 agebant
686 2297 874 2336 persona,
908 2283 947 2323 id
972 2282 1078 2335 quod
1105 2281 1408 2333 Euphorionem
1433 2279 1472 2319 in
1495 2279 1646 2331 Hippo-

181 2357 392 2405 medonte‚
437 2355 725 2397 Callimachum
768 2356 808 2397 in
842 2355 1043 2409 Cydippe,
1076 2353 1244 2400 Hecale,
1287 2350 1470 2398 Semele,
1507 2350 1648 2391 Erato-

183 2429 368 2468 sthenem
398 2428 440 2467 in
464 2428 642 2480 Erigone
675 2428 821 2469 secisse
855 2429 1022 2468 scimus.
1082 2426 1270 2466 Nicandri
1303 2425 1381 2465 huc
1412 2425 1567 2464 referre
1599 2424 1649 2463 li-

183 2498 253 2538 bet
283 2497 570 2551 Hyacinthum,
605 2510 724 2551 quem
757 2498 983 2550 Wegnerus
1013 2509 1051 2550 p.
1083 2494 1179 2536 174.
1213 2494 1348 2535 minus
1378 2492 1482 2534 hene
1512 2492 1649 2546 physi-

185 2570 245 2612 cis
274 2575 463 2609 accenset
495 2568 815 2617 carminibus'),
860 2574 898 2608 et
935 2567 1176 2618 Europiam,
1218 2565 1333 2617 cujus
1364 2568 1498 2603 extant
1524 2574 1650 2614 pauca

280 2743 315 2781 1)
342 2738 595 2783 Hyacinthum
630 2736 933 2772 commemoiavit
971 2735 1098 2770 Schol.
1134 2734 1217 2769 Nic,
1246 2734 1361 2769 Ther.
1385 2731 1486 2777 585:
1518 2733 1649 2782 Aqua]-

185 2811 285 2844 τριος
323 2797 341 2833 ὁ
379 2795 535 2843 Χλωρὸς
567 2795 634 2839 τὴν
668 2795 905 2841 βούπλευοον
929 2794 1091 2840 δέιδυυν
1118 2792 1216 2828 εἶιαί
1242 2803 1370 2838 φησιν,
1400 2789 1468 2824 οὐκ
1490 2790 1566 2826 ἔστι
1592 2791 1647 2832 δὲ,

185 2855 278 2893 ἀλλά
299 2856 481 2903 λάχανοι,
509 2855 550 2891 οὗ
591 2854 821 2902 μνηιιονεὺει
848 2852 1063 2901 Νίκανδυος
1103 2852 1143 2888 ἐν
1167 2854 1217 2899 τῷ
1243 2847 1568 2899 ἐπιγραφομεξίιωι
1576 2854 1648 2888 Ya-
