1811 3132
856 137 914 180 17

144 267 261 324 γιον)
303 259 431 319 γένος
470 250 633 314 ὄφεως
664 251 728 306 ὥς
758 268 871 312 φησι
900 253 1173 313 Νίκανδρος,
1215 270 1318 311 quae
1367 257 1417 304 ad
1455 257 1614 310 glossas

142 337 227 379 sive
259 328 493 386 Thyatireni
534 328 618 369 sive
652 326 892 380 Colophonii
921 326 1098 368 Meierus
1127 327 1305 377 rettulit,
1337 327 1389 368 ad
1422 327 1545 370 Ther.
1573 341 1611 370 v.

141 406 181 449 8.
211 399 452 447 retrahenda
483 410 645 447 censeo,
678 396 746 438 ubi
778 397 954 439 scholia:
1002 391 1258 453 φαλάγγια·
1289 389 1411 447 εἶδος
1438 396 1612 454 μικρῶν

140 469 302 531 ὄφεων.
361 469 544 522 Denique
575 467 710 508 Schol.
744 465 1128 515 Theocr.111‚52:
1178 459 1326 521 ἂλγέω
1354 463 1435 507 τάν
1465 479 1609 523 κεφα-

138 538 235 595 λάν]
264 534 542 595 Νίκανδρος·
573 533 782 593 κεφαλοὶν
814 529 876 586 ὥς
904 530 1091 593 ἡμέραν,
1124 533 1276 578 πολλοὶ
1297 533 1385 593 γὰρ
1411 532 1609 589 σώζεται

139 608 265 668 παρὰ
296 602 676 665 Συρῥακουσίοις,
726 606 963 649 Glossarum
994 607 1128 648 locum
1160 608 1296 649 inesse
1326 608 1472 662 aliquis
1505 621 1606 649 cen-

139 685 236 723 seat.
296 676 377 718 Sed
416 676 516 717 haec
559 688 699 716 manca
741 687 833 717 esse
865 681 904 717 et
934 676 1083 717 misere
1116 676 1335 725 decurtata,
1367 682 1412 717 ut
1440 677 1506 717 vix
1537 677 1602 719 in-

135 749 260 802 telligi
292 746 481 800 possint,
513 757 633 786 nemo
665 757 747 786 non
778 745 904 786 videt.
965 745 1164 799 Equidem
1195 757 1270 798 pro
1299 744 1504 786 Nicandro
1534 744 1606 785 Ni-

136 818 294 862 canoris
325 814 558 869 Stigmatiae
599 828 771 865 nomen,
813 815 920 857 inter
956 821 1294 857 commentatores
1337 815 1605 857 Theocriteos

136 888 241 931 haud
271 888 466 939 ignotum,
498 885 779 939 reponendum
812 898 901 928 esse
933 886 1132 939 suspicor.

685 990 890 1049 eaput
918 991 1041 1036 ΙΙΙ.

269 1088 327 1128 De
372 1086 499 1128 rebus
551 1086 1013 1139 Colophoniorum
1064 1086 1178 1128 multi
1226 1092 1319 1127 ante
1356 1086 1601 1127 Nicandrum

134 1158 387 1210 scripserunt
417 1161 616 1198 auctores.
678 1155 797 1197 Velut
823 1155 1063 1197 Aristoteles
1095 1156 1137 1196 in
1167 1155 1272 1196 libro
1304 1154 1353 1195 de
1374 1152 1601 1210 Κολοφω-

131 1226 235 1268 νίων
267 1223 490 1283 πολιτείᾳ,
519 1227 662 1268 Erxias
693 1226 736 1267 in
760 1226 1072 1279 Colophoniacis
1103 1239 1140 1266 v.
1168 1225 1312 1266 Athen.
1336 1224 1437 1273 xm,
1461 1223 1597 1266 561AE

133 1301 173 1337 et
202 1295 458 1348 Heropythus
499 1296 615 1337 cuius
647 1283 762 1352 ὧροι
792 1290 1149 1350 Ιίολοφωνιακοὶ
1180 1295 1229 1335 ab
1259 1295 1401 1336 eodem
1441 1294 1525 1344 vu,
1557 1307 1596 1348 p.

130 1364 229 1407 297.
263 1380 296 1407 e.
337 1366 562 1408 laudantur.
625 1366 707 1407 Iam
740 1365 1030 1418 Xenophanem
1061 1378 1224 1406 carmen
1255 1366 1305 1406 de
1336 1361 1477 1407 κτίσει
1502 1365 1599 1408 Κο-

129 1433 338 1491 λοφῶνος
375 1436 656 1489 composuisse
698 1436 812 1488 Diog.
854 1436 988 1476 Laert.
1020 1436 1138 1476 docet
1171 1436 1244 1484 IX,
1278 1433 1318 1484 2,
1353 1435 1393 1476 3.
1455 1436 1595 1490 Neque

130 1513 186 1547 tot
215 1507 435 1560 scriptores
465 1508 514 1548 ad
544 1520 630 1548 eam
661 1506 803 1548 urbem
837 1507 1000 1548 mireris
1030 1508 1268 1556 attendisse,
1301 1520 1403 1561 quae
1429 1515 1468 1550 et
1490 1510 1597 1550 inter

130 1576 284 1617 lonicas
313 1576 436 1617 urbes
472 1577 708 1629 primarium
739 1576 875 1618 locum
906 1577 991 1617 fere
1022 1590 1186 1630 semper
1216 1578 1439 1627 tenuisset,
1468 1579 1522 1619 ita
1554 1585 1598 1620 ut

128 1651 235 1686 recte
273 1636 440 1701 ἶίστρον
474 1638 662 1701 Ἰηονίης
699 1651 911 1687 vocaretur
951 1647 1022 1693 (cf.
1051 1647 1210 1687 Anthol.
1242 1647 1307 1697 lv,
1338 1646 1418 1697 27,
1450 1648 1523 1698 4),
1556 1654 1596 1689 et

128 1715 306 1767 origines
348 1715 525 1763 ,haberet
566 1715 789 1756 fabularum
841 1715 1079 1768 amhagibus
1132 1716 1381 1758 obscuratas.
1452 1717 1593 1771 Itaque

127 1784 246 1827 huius
287 1786 423 1837 urbis,
467 1798 637 1840 quacum
663 1785 824 1840 pietatis
864 1786 1028 1828 vinculo
1063 1786 1225 1828 iunctus
1261 1791 1370 1836 erat,
1406 1786 1592 1841 descrip-

127 1856 182 1896 tio
221 1856 444 1910 antiquaria
482 1861 522 1896 et
563 1855 754 1897 historica
797 1855 915 1896 docto
943 1860 1085 1907 poetae
1119 1855 1348 1907 gratissima
1387 1868 1478 1896 esse
1518 1857 1593 1897 de-

124 1923 232 1972 buit,
274 1930 318 1965 ut
358 1923 619 1978 splendidum
667 1923 875 1966 doctrinae
925 1924 1235 1978 studiorumque
1288 1931 1592 1967 monumentum

127 1994 163 2034 ei
204 2001 474 2036 consecraret.
534 1994 696 2036 Nullum
751 1999 885 2035 tamen
925 1993 1114 2035 Nicandri
1167 1993 1361 2034 carminis
1402 2000 1592 2047 superest

126 2064 394 2118 fragmentum
441 2066 610 2119 eiusque
641 2065 879 2106 memoriam
910 2064 974 2106 bis
1006 2070 1160 2106 tantum
1183 2064 1345 2113 inveni3
1374 2064 1455 2105 nisi
1487 2064 1590 2105 forte

125 2134 366 2186 scriptorum
407 2134 544 2183 locos,
586 2133 731 2187 quibus
772 2133 965 2174 Nicandri
994 2134 1252 2174 continentur
1287 2132 1423 2182 verba,
1450 2145 1498 2174 ex
1526 2133 1590 2173 in-

124 2204 348 2246 certissima
379 2204 608 2246 coniectura
650 2205 730 2245 huc
761 2204 991 2246 referimus.
1418 2200 1422 2204 ’

258 2275 489 2316 Athenaeus
519 2280 652 2316 autem
682 2274 788 2323 xm,
821 2287 861 2327 p.
895 2274 994 2324 569,
1027 2274 1066 2316 d.
1092 2275 1192 2316 haec
1223 2275 1366 2316 hahet:
1398 2272 1476 2316 καὶ
1509 2275 1590 2316 Φι-

123 2340 273 2400 λήμων
297 2338 337 2387 δ’
372 2341 419 2387 ἐν
445 2338 705 2401 Ἀδελφοῖς
735 2345 799 2399 (fr.
822 2343 849 2385 2
868 2345 1009 2398 Mein.)
1033 2344 1350 2402 προσιστορῶν
1372 2340 1444 2387 ὅτι
1465 2345 1589 2401 πρῶ-

122 2428 198 2465 τος
233 2415 388 2460 Σόλων
420 2414 497 2459 διὰ
526 2416 605 2474 τὴν
636 2416 725 2459 τῶν
757 2415 869 2459 νέων
897 2411 1047 2474 ἀκμὴν
1077 2412 1260 2473 ἔστησεν
1291 2413 1369 2459 ἐπὶ
1398 2411 1589 2474 οἶκημά·

122 2499 206 2528 των
246 2485 409 2543 γύναια
448 2487 717 2545 πριάμενος,
750 2483 877 2529 καθὰ
907 2485 983 2528 καὶ
1014 2485 1272 2543 Νίκανδρος
1298 2479 1323 2527 ὁ
1356 2483 1588 2567 Κολοφω-

121 2554 274 2606 νιακός
310 2552 483 2615 ιστορεῖ
521 2553 567 2599 ἐν
615 2553 753 2614 τρίτῳ
792 2551 1190 2612 Κολοφωνιακῶν,
1224 2552 1411 2609 φάσκων
1450 2549 1587 2597 αὐτὸν

121 2621 196 2666 καὶ
225 2626 467 2684 πανδήμου
493 2621 800 2708 Ἀφροδίτης
825 2621 947 2683 ἱερὸν
979 2625 1161 2683 πρῶτον
1193 2619 1476 2681 ιὸρύσασθαι
1505 2619 1586 2681 ἀφ’

122 2681 182 2735 ὧν
208 2688 507 2757 ἠργυρίσαντο
541 2712 590 2740 αι
619 2695 882 2756 προστᾶσαι
910 2695 1000 2738 τῶν
1032 2690 1303 2752 οἰκημάτων.

255 2769 424 2811 Accedit
442 2769 637 2822 Harpocr.
668 2782 705 2810 v,
737 2765 974 2824 πάνδημος
989 2760 1257 2823 Ἀφροδίτη
1281 2778 1322 2818 p.
1347 2764 1442 2805 144.
1455 2764 1584 2806 Bekk.

120 2826 426 2893 Νίκανδρος’
404 2851 451 2880 εν
484 2832 522 2889 ς’
556 2833 925 2894 Κολοφωνιακῶν
957 2836 1002 2888 (l.
1026 2829 1080 2892 y',
1112 2848 1203 2877 nam
1233 2834 1360 2876 maior
1387 2833 1491 2876 fides
1518 2834 1585 2875 hic

1275 2904 1299 2943 3
