1811 3132
922 111 977 155 12

209 229 403 288 κανδρος
427 227 473 274 ἐν
503 229 568 287 τῷ
597 227 706 288 περὶ
731 229 820 273 τῶν
850 227 1064 287 γλωσσῶν
1095 225 1276 287 ἱστορεῖ·
1298 226 1412 287 φησὶ
1429 227 1515 287 γὰρ
1542 226 1684 281 οὕτως

389 300 635 355 Βάκχοισιν
666 297 871 358 κεφαλὰς
901 298 1200 358 περιανθέσιν
1229 297 1498 356 ἐστέψαντο.

212 372 288 413 Ubi
323 372 521 427 quaedam
555 372 758 413 excidisse
788 372 867 412 iam
902 370 1190 424 Bernhardyus
1223 371 1381 412 monuit
1412 371 1453 412 in
1485 371 1622 412 Suida.

354 441 590 482 Glossarum
639 445 771 481 autem
812 441 1059 493 fragmenta,
1112 452 1279 494 quarum
1323 440 1487 481 tertium
1531 439 1683 480 librum

210 509 307 550 citat
346 510 600 560 Athenaeus,
644 515 807 564 praeter
849 523 920 552 eos
962 522 1129 558 versus,
1173 522 1274 564 quos
1317 510 1427 552 solos
1467 510 1680 552 verborum

209 584 402 620 contextu
434 580 589 620 solutos
622 579 898 620 Schneiderus
930 578 1163 631 proposuit,
1204 578 1305 619 haec
1335 579 1483 620 inveni.

351 649 383 689 E
415 649 597 690 secundo
624 649 753 690 libro:
786 648 850 690 ΙΙΙ.
868 648 1012 690 Athen.
1029 647 1076 689 lt.
1092 660 1132 701 p.
1149 648 1218 697 69,
1236 648 1273 689 d.
1296 644 1553 706 Νίκανδρος
1584 644 1623 690 δ’
1657 642 1681 690 ὁ

209 713 515 772 Κολοφώνιος
541 714 588 759 ἐν
620 714 815 773 δευτέρῳ
847 714 1072 758 Γλωσσῶν
1102 713 1292 773 βρένθιν
1321 713 1540 772 λέγεσθαί
1569 731 1683 775 φησι

209 783 340 843 παρὰ
361 783 593 844 Κυπρίοις
613 783 831 844 θρίδακα,
860 776 915 828 οὗ
937 780 961 828 ὁ
985 778 1180 836 ’Ἀδωνις
1197 782 1468 841 καταφαγὼν
1491 780 1582 829 ὑπὸ
1602 788 1684 830 τοῦ

210 852 392 913 κάπρου
425 852 672 914 διεφθάρη.
744 858 801 899 De
833 863 962 898 morte
990 857 1187 898 Adonidis
1220 857 1318 898 satis
1351 870 1554 912 superque
1582 872 1682 912 poe-

210 935 273 968 tae
307 928 461 981 antiqui
499 929 764 970 tradiderunt.
834 929 1014 969 Fatalem
1056 941 1152 968 vero
1189 928 1368 969 lactucae
1412 936 1573 982 gustum
1612 932 1680 984 qui

210 997 559 1046 commemorarit,
599 998 803 1039 neminem
853 998 953 1039 scio.
1033 998 1220 1039 Ceterum
1273 1010 1322 1038 ex
1363 998 1568 1041 Athenaeo
1609 1014 1681 1042 sua

207 1069 433 1110 hauserunt
460 1069 556 1109 Lex.
576 1070 692 1110 Rhet.
720 1070 762 1110 in
793 1070 920 1110 Bekk.
951 1068 1102 1109 Anecd.
1130 1082 1169 1121 p.
1198 1067 1308 1117 223,
1344 1068 1412 1109 12.
1476 1065 1683 1126 Κύπριοι

208 1135 445 1194 βρένθισιν
475 1134 554 1194 τὴν
586 1137 792 1196 θρίδακα
823 1145 864 1180 et
890 1140 1017 1193 Etym.
1047 1139 1098 1179 M.
1132 1151 1171 1191 p.
1203 1137 1304 1188 213,
1334 1139 1389 1179 43
1423 1153 1471 1181 ex
1503 1140 1550 1181 ls.
1583 1140 1680 1181 Vos-

210 1208 261 1248 sii
291 1208 597 1257 emendatione,
628 1204 819 1263 βρένθιν
848 1203 929 1262 τὴν
959 1201 1178 1263 θρίδακα.

348 1278 413 1319 IV.
444 1278 588 1319 Athen.
621 1278 690 1319 111.
726 1291 764 1330 p.
802 1277 880 1326 111,
909 1291 944 1318 c.
1027 1270 1265 1327 Βάκχυλος
1304 1270 1343 1317 δ’
1385 1273 1503 1319 ἐστὶν
1546 1269 1682 1334 ὅτ’ρτος

209 1344 431 1403 σποδίτης
453 1341 562 1403 παρ’
592 1341 792 1396 Ἠλείοις
813 1342 1108 1398 καλούμενος,
1140 1338 1202 1394 ὠς
1222 1339 1481 1401 Νίκανδρος
1508 1342 1554 1387 ἐν
1585 1344 1683 1388 δευ-

208 1412 324 1473 τέρῳ
355 1412 568 1470 γλωσσῶν
608 1409 800 1472 ἱστορεῖς
840 1415 886 1455 cf.
918 1413 1093 1466 Hesych.'
1127 1427 1164 1453 v.
1195 1436 1253 1443 —
1312 1408 1548 1465 Βακχύλος
1579 1416 1683 1457 scri—

208 1486 388 1528 bendum
419 1485 611 1528 censebat
628 1485 816 1526 Boisson.
850 1484 890 1525 in
915 1483 1112 1525 Aristaen.
1127 1496 1165 1536 p.
1182 1482 1282 1532 441,
1315 1484 1379 1524 cui
1396 1488 1531 1525 tamen
1560 1499 1681 1539 repu-

210 1562 334 1611 gnant
361 1555 569 1598 Lobeckio
602 1556 756 1596 Pathol.
790 1569 829 1609 p.
863 1553 959 1596 126.
993 1552 1093 1595 599.
1125 1554 1303 1596 collecta.
1376 1556 1565 1597 Ceterum
1605 1556 1682 1598 hoc

208 1627 477 1679 fragmentum
521 1626 619 1666 mihi
663 1639 754 1666 cum
795 1625 977 1667 secundo
1005 1625 1110 1677 apud
1139 1624 1274 1665 Schol.
1306 1625 1428 1666 Arist.
1461 1625 1562 1679 qu.
1595 1626 1680 1667 408

209 1695 442 1736 cohaesisse
469 1695 641 1735 videtur.

347 1765 378 1806 E
411 1765 529 1805 tertio
560 1765 688 1805 libro:
718 1765 759 1805 V.
793 1765 937 1805 Athen.
965 1764 1043 1804 Vll.
1073 1778 1109 1817 p.
1140 1763 1241 1814 288,
1273 1778 1307 1805 c.
1340 1762 1597 1822 Νίκανδρος
1631 1764 1681 1808 δὲ

208 1828 233 1874 ὁ
273 1830 502 1882 ἐποποιὸς
535 1830 581 1874 ἐν
612 1830 750 1889 τρίτῳ
788 1830 1014 1874 Γλωσσῶν
1047 1830 1293 1875 καλεῖσθαί
1337 1846 1474 1891 φησιν
1515 1829 1683 1886 αὖτοὺς

209 1904 288 1952 (sc.
320 1900 427 1953 τοὺς
457 1901 692 1960 γόγγρους)
726 1900 803 1945 καὶ
833 1899 1038 1960 γρύλους.
1120 1905 1392 1947 Scribendum
1434 1919 1526 1947 esse
1563 1920 1682 1948 voca—

207 1974 348 2014 bulum
380 1986 453 2026 per
489 1986 613 2014 unum
633 1970 659 2013 λ
691 1987 737 2014 ex
758 1974 903 2014 Arcad.
921 1987 960 2026 p.
980 1973 1048 2023 52,
1079 1973 1152 2017 24.
1170 1975 1271 2016 Lud.
1293 1975 1475 2016 Dindorf.
1495 1976 1536 2017 in
1559 1976 1681 2018 Thes.

209 2044 338 2085 Paris.
378 2044 436 2092 11,
483 2043 568 2084 792
602 2044 747 2085 effecit.
822 2045 902 2085 Sed
945 2058 1118 2097 congros
1158 2046 1236 2087 hoc
1266 2047 1430 2087 nomine
1461 2048 1682 2100 appellatos

209 2128 302 2156 esse
340 2113 503 2155 aliunde
544 2127 625 2155 non
668 2120 848 2164 constat,
888 2128 979 2156 nam
1020 2128 1166 2168 porcos
1198 2117 1262 2157 vel
1293 2117 1495 2169 porcellos
1527 2118 1581 2159 ita
1612 2132 1681 2159 vo-

209 2191 302 2227 cant
332 2184 485 2225 Graeci.
527 2185 584 2226 Cs.
623 2191 756 2226 tamen
788 2185 964 2239 Hesych.
998 2199 1031 2227 v.
1061 2180 1331 2241 γογγρύζειν.

347 2255 406 2297 vl.
431 2256 649 2297 Athean.
665 2270 706 2309 p.
731 2255 830 2305 392,
858 2270 903 2297 a:
929 2250 1101 2297 Ἠλεῖοι
1123 2252 1173 2297 δὲ
1192 2253 1383 2297 καλοῦσι
1399 2248 1505 2305 τοὺς
1523 2267 1681 2312 στρου-

207 2322 326 2376 θοὺς
368 2323 596 2382 δειρήτας,
652 2319 714 2376 ῶς
756 2321 1013 2383 Νίκανδρός
1050 2337 1187 2381 φησιν
1233 2318 1257 2366 ὁ
1300 2319 1603 2381 Κολοφώνιος
1638 2321 1684 2367 ἐν

209 2393 346 2453 τρίτῳ
380 2393 619 2438 Γλωσσῶν.

349 2468 590 2520 Fragmenta
632 2468 742 2509 sedis
774 2469 954 2509 incertae
983 2468 1084 2508 haec
1112 2473 1226 2508 sunt:
1266 2466 1346 2509 vll.
1376 2465 1518 2507 Athen.
1551 2464 1615 2506 111.
1646 2478 1682 2518 p.

211 2540 318 2587 110,
364 2540 412 2580 d:
455 2536 713 2596 Νίκανδρος
753 2534 790 2581 δ’
836 2533 860 2581 ὁ
894 2533 1196 2595 Κολοφώνιος
1237 2533 1283 2579 ἐν
1314 2536 1413 2586 ταῖς
1443 2532 1684 2585 Γλώσσαις

208 2608 287 2654 τὸν
320 2602 489 2663 ὂῖζυμον
516 2602 653 2666 ἄρτον
685 2607 815 2652 καλεῖ
844 2605 1055 2666 δάρατον.
1116 2609 1172 2650 lta
1206 2608 1391 2651 Thessali
1437 2621 1580 2661 panem
1612 2620 1680 2648 vo-

211 2683 378 2730 cabant,
411 2686 512 2722 teste
542 2681 712 2722 Seleuco
741 2694 803 2734 ap.
837 2680 927 2721 Ath.
964 2679 1070 2728 114,
1104 2680 1143 2720 b.

352 2751 448 2793 Vlll.
481 2751 623 2792 Athen.
654 2751 731 2791 Vllv
766 2765 804 2804 p.
838 2749 937 2799 306,
968 2750 1003 2790 d.
1034 2746 1292 2805 Νίκανδρος
1323 2740 1347 2789 ὁ
1382 2743 1491 2788 Κολ.
1525 2741 1570 2787 ἐν
1603 2743 1681 2786 Γλ.

202 2818 282 2865 τὸν
321 2816 570 2880 καρχαρίαν
611 2817 857 2864 καλεῖσθαί
898 2833 1013 2878 φησι
1051 2816 1128 2863 καὶ
1168 2814 1335 2874 λάμιαν
1368 2813 1445 2860 καὶ
1474 2812 1684 2862 σκύλλαν.

1808 2727 1811 2821 !
