1811 3132
868 152 905 195 72

157 285 391 334 fragmenta.
453 278 532 321 Aut
561 276 781 330 majoribus
805 274 1055 316 carminibus
1077 272 1405 326 ethnographicis
1429 285 1499 313 636
1521 284 1619 314 con-

156 352 387 394 tinebantur
425 347 605 396 fabulae,
650 358 751 400 quae
781 345 830 385 ad
862 344 1125 388 illustrandas
1168 343 1419 396 singularum
1460 343 1620 384 urbium

159 423 387 476 gentiumve
409 417 661 470 pertinerent
677 415 936 468 antiquitates
959 414 1021 454 vel
1044 413 1268 454 historiam.
1322 412 1409 453 Huc
1430 410 1620 452 Nicandri

157 494 360 548 pertinent
391 488 700 541 Colophoniaca,
733 500 902 541 quorum
931 492 1084 539 partem
1115 486 1287 526 fortasse
1315 484 1422 525 liber
1442 485 1491 525 de
1520 497 1619 537 poe-

160 567 212 606 tis
243 559 504 613 Colophoniis
546 558 699 606 effecit,
743 557 947 605 Aetolica,
980 555 1203 603 Thebaica,
1239 554 1423 603 Oetaica,
1468 554 1620 594 Sicilia.

160 631 334 675 Fabulae
362 634 493 670 autem
515 628 549 669 si
583 626 784 668 eiusmodi
812 633 937 675 erant,
971 630 1013 666 ut
1038 637 1171 678 neque
1198 623 1431 677 singulatim
1459 623 1621 676 exponi,

160 712 290 752 neque
322 697 465 738 maiori
496 697 653 738 cuidam
678 693 943 752 περιηγήσει
973 695 1035 735 vel
1066 694 1180 746 operi
1209 693 1524 745 ethnographico
1558 693 1622 733 in-

161 767 244 811 seri
274 771 455 819 possent,
489 765 652 806 tertium
684 770 780 812 erat,
814 769 858 804 ut
889 763 930 803 in
949 762 1139 802 maiorem
1160 760 1362 816 quandam
1384 759 1622 813 redigeren-

162 841 227 877 tur
254 835 479 877 fabularum
517 834 776 887 congeriem:
817 840 862 874 ut
894 832 1160 874 Callimachus
1192 832 1234 872 in
1266 831 1408 879 Aetiis,
1441 831 1483 871 in
1509 830 1625 882 Mop-

162 907 275 959 sopia
308 912 347 946 et
387 904 635 945 Chiliadibus
672 903 900 956 Euphorio‚
933 903 975 943 in
1008 901 1345 943 Heteroeumenis
1373 905 1506 940 autem
1537 900 1623 940 sive

162 972 542 1025 Metamorphosium
571 972 688 1013 libris
718 971 919 1012 Nicander
949 972 1143 1011 fecerunt.

301 1042 470 1095 Reliqua
500 1041 690 1083 Nicandri
720 1040 869 1093 scripta
899 1039 1055 1093 physici
1087 1039 1326 1092 plerumque
1368 1039 1531 1079 suerunt
1559 1049 1624 1078 ar-

162 1112 340 1164 gumenti
366 1118 434 1153 aut
455 1112 623 1160 medica,
653 1123 824 1164 quorum
846 1109 1174 1161 Alexipharmaca
1197 1115 1238 1148 et
1259 1108 1454 1148 'Pheriaca
1481 1108 1623 1147 etiam·

161 1170 258 1222 num
297 1181 476 1234 integra,
519 1180 806 1232 Georgicorum
847 1178 953 1219 haud
984 1191 1110 1231 pauca
1138 1178 1360 1231 fragmenta
1389 1183 1623 1231 supersunt.

162 1250 457 1305 Melissurgica,
489 1251 693 1292 Athenaeo
724 1250 852 1292 semel
880 1250 1051 1298 laudata,
1085 1254 1241 1301 partem
1271 1254 1425 1289 tantum
1455 1248 1625 1300 Georgi-

163 1333 302 1362 corum
333 1321 461 1363 fuisse
491 1322 708 1362 admodum
738 1320 960 1361 verisimile
989 1320 1172 1368 videtur,
1209 1331 1450 1372 quamquam
1475 1318 1625 1370 Ungeri

165 1390 357 1440 rationes,
394 1391 461 1443 qui
492 1391 540 1431 de
570 1391 684 1432 Aem.
706 1391 838 1432 Macro
863 1390 950 1432 Nic.
974 1391 1113 1430 imitat.
1144 1403 1183 1443 p.
1216 1389 1283 1430 10.
1314 1389 1389 1431 hoc
1423 1403 1471 1430 ex
1502 1389 1626 1430 Plinii

164 1459 321 1500 verbis:
363 1459 685 1512 ‚‚Neoptolemo,
719 1460 786 1513 qui
817 1455 1186 1514 μελιττουργικά,
1218 1459 1521 1507 Aristomacho‚
1558 1459 1626 1512 qui

165 1529 274 1578 item,
306 1529 477 1571 Philisto
507 1530 575 1583 qui
602 1531 712 1579 item,
744 1530 960 1578 Nicandro,
990 1530 1254 1570 Menecrate“
1288 1554 1345 1560 —
1377 1529 1524 1582 quibus
1555 1529 1627 1569 Ni-

166 1599 305 1640 candri
335 1599 614 1653 Melissurgica
644 1613 695 1641 ne
725 1600 983 1641 nominantur
1019 1600 1196 1653 quidem,
1229 1599 1423 1652 colligere
1454 1599 1533 1641 sibi
1564 1599 1625 1640 vi-

164 1669 295 1719 detur,
326 1682 408 1711 non
438 1683 648 1724 assequor.
712 1670 886 1712 Omnino
914 1672 1032 1723 paulo
1064 1670 1155 1723 plus
1187 1670 1228 1710 in
1262 1670 1459 1711 rimandis
1479 1670 1626 1711 Nican-

163 1738 350 1780 dreorum
381 1740 604 1780 carminum
633 1740 761 1783 titulis
793 1741 979 1793 Ungerus
1010 1741 1088 1782 sibi
1120 1741 1310 1790 indulsit;
1350 1753 1427 1782 nec
1468 1741 1628 1794 placent

164 1822 265 1863 quae
295 1822 335 1863 p.
369 1809 393 1850 6
428 1816 468 1852 6ῐ
499 1810 553 1852 18
585 1823 706 1864 super
737 1811 861 1852 libris
902 1811 1094 1852 Nicandri
1141 1812 1192 1852 de
1220 1811 1366 1852 avibus
1400 1818 1441 1869 et
1469 1812 1624 1852 viribus

163 1879 380 1921 herbarum
412 1886 666 1922 commentus
696 1886 770 1922 est.
834 1881 915 1921 Sed
945 1887 990 1922 ut
1019 1882 1068 1921 ad
1099 1881 1344 1922 Nicandrum
1375 1870 1513 1922 redeat
1533 1895 1624 1922 ora-

165 1949 236 1998 tio,
268 1950 355 1990 eius
387 1949 562 2003 Ophiaca
597 1955 802 2002 praeterea
833 1950 1068 1999 laudantur,
1100 1964 1274 2004 eumque
1306 1951 1523 2003 scripsisse
1554 1945 1628 1992 ἰά-

165 2029 277 2058 σεων
319 2015 626 2074 συναγωγήνῖ)
670 2025 711 2060 et
750 2015 1065 2075 προγνωστικὰ
1098 2013 1154 2060 δι’
1195 2014 1317 2062 ἐπῶν
1358 2021 1398 2061 h.
1432 2033 1465 2060 6.
1499 2027 1626 2061 meta·

163 2087 330 2139 phrasin
362 2088 500 2140 operis
530 2088 802 2141 Hippocratici
834 2089 1013 2131 carmine
1060 2090 1224 2131 heroico
1267 2098 1408 2131 auctor
1436 2096 1498 2131 est
1530 2091 1625 2131 Sui-

165 2155 249 2196 das.
311 2155 422 2197 Idem
441 2157 631 2198 Nicandri
661 2153 769 2214 περὶ
795 2155 1077 2215 χρηστηρίων
1108 2153 1289 2200 πάντων
1316 2155 1474 2213 βιβλία
1505 2157 1625 2217 τρία,

166 2335 284 2379 κίνθῳ
316 2335 378 2369 καὶ
410 2333 626 2373 Ἐπαίνετος
663 2333 704 2368 ἐν
729 2335 779 2380 τῷ
813 2337 902 2381 περῖ
927 2334 1101 2379 λαχάνων
1134 2337 1208 2370 κτλ.
1258 2335 1422 2370 Fabulas
1460 2335 1506 2370 de
1533 2335 1626 2370 flore

165 2390 368 2434 hyacintho
386 2420 394 2435 ,
422 2392 527 2427 cuius
552 2391 735 2435 originem
761 2392 871 2426 modo
899 2392 947 2425 ad
973 2391 1224 2435 Hyacinthum
1249 2403 1418 2437 puerum,
1443 2393 1553 2426 modo
1580 2393 1628 2426 ad

167 2447 261 2481 alios
290 2448 448 2491 heroes,
477 2449 583 2483 velut
605 2447 780 2490 Aiacem,
816 2448 1048 2482 rettulerunt
1086 2451 1232 2482 veteres
1259 2450 1311 2491 (v.
1338 2447 1447 2484 ovid.
1472 2447 1627 2484 Metam.

165 2503 263 2548 xm,
287 2515 320 2540 v.
355 2504 425 2541 395
443 2524 473 2531 -
490 2504 598 2549 398),
632 2503 817 2550 peculiari
841 2504 1005 2541 carmine
1031 2504 1098 2540 Bio
1124 2516 1274 2551 quoque
1310 2510 1550 2551 exposuerat,
1579 2506 1628 2542 cf.

166 2562 254 2598 Sch.
288 2563 406 2600 Ther.
445 2565 471 2600 l.
497 2565 524 2601 l.
550 2564 656 2598 Stob.
684 2564 753 2598 ecl.
779 2564 795 2597 Ι
819 2575 856 2608 p.
883 2564 949 2598 170
986 2568 1025 2598 et
1047 2563 1262 2609 Euphorio,
1303 2575 1336 2599 v.
1363 2564 1530 2599 Meinek.
1554 2565 1625 2600 An.

164 2619 271 2655 Alex.
297 2632 335 2667 p.
361 2623 419 2657 23.
563 2622 603 2667 2)
635 2621 742 2656 Hanc
778 2619 991 2666 significare
1026 2621 1177 2656 videtur
1212 2620 1366 2657 Caelius
1398 2621 1623 2656 Aurelianus

167 2677 213 2712 (16
240 2681 357 2716 morb.
393 2680 521 2717 chron.
547 2681 574 2723 1,
601 2681 625 2715 4
648 2693 686 2727 p.
712 2681 769 2716 71.
794 2681 854 2716 ed.
879 2681 1022 2716 Haller.
1060 2681 1126 2715 uhi
1150 2684 1350 2726 postquam
1377 2681 1423 2714 de
1450 2681 1626 2725 probato-

166 2745 247 2771 rum
282 2739 513 2775 medicorum
545 2743 676 2774 contra
712 2739 933 2785 epilepsiam
959 2739 1136 2774 remediis
1162 2739 1280 2783 dixit,
1306 2743 1487 2774 memorat
1512 2738 1626 2774 etiam

165 2793 345 2833 Nicandri
370 2798 520 2833 tertium
545 2798 693 2834 librum.
758 2798 816 2833 Cf.
837 2799 1087 2835 Rosenbaum.
1112 2798 1162 2833 ad
1191 2799 1389 2844 Sprengel.
1408 2796 1497 2832 hist.
1529 2797 1627 2832 med.

164 2861 201 2895 p.
226 2851 309 2891 594.
358 2856 510 2894 Erravit
535 2856 713 2892 Hallerus
736 2856 778 2904 in
804 2856 895 2894 bibl.
911 2858 1048 2904 Υ1101311.
1075 2858 1104 2894 I.
1130 2869 1166 2904 p.
1189 2857 1247 2894 54.
