1811 3132
904 126 959 170 14

333 249 572 301 Fragmenta
610 247 729 288 dubia
763 247 921 288 Glossis
944 247 1209 289 adscribenda
1243 248 1340 288 haec
1373 260 1465 289 esse
1499 248 1660 290 censui:

334 317 432 359 XIV.
479 317 712 358 Athenaeus
755 316 809 358 XI
838 329 875 369 p.
907 315 1016 364 485,
1049 316 1086 357 d.
1129 316 1197 357 uhi
1229 322 1439 358 enumerat
1464 330 1663 370 gramma-

193 387 364 428 ticorum
397 386 686 439 explicationes
721 385 905 427 vocabuli
940 381 1141 441 λεπαστὴ
1170 385 1255 427 sive
1292 383 1508 442 λεπάστη,
1543 387 1662 428 etiam

193 456 381 497 Nicandri
426 455 667 497 sententiani
710 454 944 507 proposuit,
979 453 1046 508 qui
1090 448 1313 502 Δόλοπας
1356 448 1473 494 οὕτω
1513 450 1664 495 καλεῖν

191 520 270 579 τὴν
303 520 462 565 κύλικα
495 525 658 565 dixerat.
726 525 780 564 De
814 524 1009 565 vocabulo
1042 524 1091 564 cf.
1124 523 1222 564 Lob.
1256 523 1404 577 Phi-yn.
1437 536 1475 577 p.
1506 521 1604 564 256.

333 595 411 637 XV.
452 596 595 636 Athen.
636 596 715 635 XV.
750 608 788 647 p.
824 594 935 642 701,
974 608 994 634 a
1029 593 1100 645 (cf.
1135 594 1243 642 699,
1273 595 1343 642 d):
1377 588 1512 648 ἑλάνη
1556 591 1605 634 δὲ
1636 587 1662 647 ἦ

193 661 381 718 λαμπὰς
420 661 649 713 καλεῖται,
691 657 753 713 ὡς
791 658 1024 720 Ἀμερίας
1052 660 1176 719 φησί.
1249 659 1505 720 Νίκανδρος
1545 660 1593 705 δὲ
1637 656 1661 703 ὃ

192 731 374 788 Κολοφ.
407 728 569 788 ἑλάνην
601 729 680 786 την
712 732 802 772 τῶν
836 727 1050 785 καλάμων
1083 730 1264 788 δέσμην,
1297 733 1323 773 i.
1352 746 1385 773 e.
1418 733 1660 773 arundinum

191 801 456 854 manipulum.

329 872 429 913 XVI.
470 872 527 912 Ad
562 873 723 913 easdem
757 872 922 913 Glossas
965 872 1084 912 etiam
1117 871 1310 912 Athenaei
1353 871 1484 911 locum
1528 872 1660 911 resero

190 942 251 982 xt.
284 955 321 994 p.
353 940 462 990 432,
506 956 551 989 a,
596 942 661 983 uhi
696 942 918 983 Nieandrea
964 942 1005 982 in
1040 942 1173 983 verbis
1207 941 1332 982 Sileni
1367 942 1500 982 latent.
1562 943 1663 982 Sunt

189 1018 321 1052 autern
345 1012 468 1053 haec:
499 1008 715 1066 Σειληνὸς
735 1010 786 1054 δέ
817 1024 946 1068 φησι·
970 1008 1173 1054 κύπελλα
1194 1007 1446 1064 ἐκπώματα
1470 1006 1663 1067 σκύφοις

188 1074 343 1132 ὅμοια,
378 1074 440 1130 ὥς
470 1079 545 1122 καὶ
575 1078 834 1138 Νίκανδρος
867 1076 890 1123 ὁ
929 1077 1242 1137 Κολοφώνιος.

570 1147 773 1193 κύπελλα
815 1147 855 1193 6³
899 1147 1044 1205 ἔνειμε
1074 1147 1290 1207 συβώτης.

327 1222 551 1262 Novissima
585 1222 771 1273 leguntur
811 1223 850 1262 in
880 1223 1024 1275 Odyss.
1058 1235 1097 1264 υ.
1132 1221 1230 1262 253.
1292 1223 1430 1276 Itaque
1475 1223 1661 1274 suspicor

189 1292 508 1332 consentientem
533 1292 661 1332 Sileni
686 1297 723 1332 et
746 1292 935 1332 Nicandri
970 1293 1343 1344 interpretationem
1374 1293 1555 1333 vocabuli
1591 1291 1661 1332 κύν

189 1358 335 1401 πελλα
368 1362 615 1414 propositam
650 1375 741 1403 esse
773 1363 821 1402 ah
841 1362 1059 1410 Athenaeo,
1098 1363 1162 1402 cui
1198 1362 1443 1403 muniendae
1475 1362 1538 1402 vel
1570 1363 1658 1415 ipsc

187 1431 251 1470 vel
291 1430 394 1470 alius
437 1431 722 1483 grammaticus
773 1431 999 1483 exemplum
1052 1431 1150 1470 illud
1193 1431 1450 1471 Homericum
1491 1431 1656 1470 addidit.

188 1501 443 1553 Quapropter
483 1501 634 1554 majore
676 1501 936 1541 distinctione
979 1507 1120 1553 poetae
1151 1501 1272 1541 verba
1305 1514 1326 1540 a
1356 1500 1551 1540 Nicandri
1584 1513 1658 1539 no-

187 1570 297 1610 mine
326 1570 574 1624 dijungenda
607 1577 713 1618 sunt,
748 1584 877 1624 neque
910 1585 954 1611 ea
985 1572 1260 1612 Schneiderus
1283 1584 1356 1623 pro
1385 1572 1485 1623 ipsis
1511 1571 1656 1611 Nican-

189 1639 300 1679 dreis
335 1640 485 1679 habere
520 1640 702 1680 debehat.

324 1710 439 1751 XVtt.
462 1711 603 1751 Athen.
623 1711 685 1751 lll.
707 1725 741 1764 p.
760 1711 857 1759 105,
876 1725 933 1753 c.:
965 1705 1266 1763 κολύβδαιναν
1285 1703 1322 1750 δ’
1343 1704 1515 1766 εἴρηκεν
1536 1705 1657 1751 Ἐπί-

183 1793 357 1836 χαρμος
397 1777 442 1821 ἐν
482 1782 577 1829 τοῖς
617 1778 984 1837 προεκκειμένοις
1024 1781 1141 1830 (dicit
1180 1781 1314 1821 Hebae
1347 1781 1552 1832 nuptias),
1597 1773 1659 1828 ὦς

184 1846 266 1902 μὲν
286 1846 544 1906 Νίκανδρός
576 1864 705 1906 φησι,
738 1848 788 1891 τὸ
818 1845 1076 1891 θαλάσσιον
1106 1844 1292 1901 αἰδοῖον,
1326 1844 1388 1899 (ῦς
1411 1843 1450 1890 δ’
1475 1843 1498 1889 ὁ
1518 1844 1657 1908 (Ηρα-

186 1914 364 1972 κλείόης
400 1915 446 1959 ἐν
473 1912 796 1974 Ὀψαρτυτικῷ
829 1915 909 1972 τήν
942 1917 1117 1973 καρῖδα.

325 1987 461 2028 XVIII.
496 1989 636 2029 Athen.
671 1989 739 2030 Ill.
773 2003 809 2042 p.
837 1988 931 2036 114,
967 2002 1022 2029 c.:
1054 1984 1312 2043 Νίκανδρος
1344 1983 1393 2028 δὲ
1431 1982 1656 2041 θιαγόνας

186 2052 322 2109 φησὶν
355 2049 521 2111 ἄρτους
549 2050 863 2097 ύπἈὶτωλιῦν
894 2055 1138 2098 καλεῖσθαι
1169 2053 1275 2104 τοὺς
1305 2056 1400 2104 τοῖς
1428 2057 1559 2105 θεοῖς
1589 2071 1656 2110 γι-

184 2121 413 2175 νοίιιένους.
485 2127 542 2165 Cf.
585 2128 757 2179 Hesych.
794 2141 825 2167 s.
860 2141 892 2166 v.
949 2127 1137 2167 Nicandri
1171 2126 1346 2166 Aetolica
1391 2126 1563 2177 spectari
1592 2127 1655 2167 his

184 2194 321 2234 verbis
351 2194 528 2237 Meierus
564 2198 723 2249 putavit.

324 2264 426 2304 XIX.
472 2266 722 2308 861ιοΙ.1ὀιι.
759 2268 801 2308 l'l.
835 2267 948 2315 xiil,
990 2266 1100 2306 824:
1152 2262 1409 2319 Νίκανδρος
1442 2261 1492 2304 δέ
1522 2276 1658 2318 φησιν

184 2323 593 2382 ὅτιξΔουλιχιιῗται
626 2332 701 2376 καὶ
723 2330 892 2387 Σάμιοι
923 2329 1028 2383 τοὺς
1057 2329 1299 2380 ἐσθίοντας
1327 2328 1377 2372 τὸ
1411 2326 1540 2385 γάλα,
1572 2345 1658 2385 μη-

185 2394 259 2438 δὲν
290 2394 339 2438 δὲ
372 2391 604 2450 ἰσχύοντας
625 2399 869 2457 βουγαΐους
890 2400 1116 2442 καλοῦσιν.
1181 2401 1341 2442 Ornis-so
1374 2400 1551 2441 auctoris
1583 2413 1656 2440 no-

187 2466 295 2506 mine
328 2467 466 2509 eadem
499 2471 618 2512 habet
647 2474 893 2514 Eustathius.
967 2473 1023 2513 De
1065 2472 1256 2527 vocabulo
1300 2471 1469 2524 ejusque
1502 2476 1653 2523 etymo-

185 2543 289 2595 logia
323 2544 373 2584 cs.
407 2543 663 2584 Doederlein.
710 2544 841 2585 Closs.
868 2545 981 2584 Hom.
1008 2543 1038 2591 Ι,
1071 2556 1111 2595 p.
1134 2542 1203 2583 80.

326 2614 408 2654 XX.
443 2613 570 2665 Etym.
589 2614 639 2655 Μ.
662 2628 698 2654 v.
724 2607 999 2669 ἄνδράγριαε
1037 2607 1161 2666 (ἷνὸρ.
1182 2608 1236 2651 τὰ
1264 2610 1428 2653 σκῦλα·
1460 2604 1561 2666 ἤτοι
1584 2608 1656 2652 ὅτι

186 2676 279 2724 ἀπὸ
320 2675 496 2737 ἀνδρῶν
527 2675 753 2737 ἆγρεῖται,
796 2675 826 2736 ἢ
865 2677 934 2722 flu
974 2675 1071 2722 ἀντὶ
1113 2675 1309 2737 ἀνδρῶν·
1344 2676 1452 2722 ὅταν
1483 2678 1654 2739 γὰρμὴ

185 2752 442 2808 δυνηθῶσιν
463 2746 645 2807 ἀνάγειν
668 2748 832 2802 αὐτοὺς
854 2748 1179 2805 αἰχμαλώτους,
1209 2751 1311 2794 τότε
1341 2749 1397 2793 τὰ
1429 2748 1552 2795 ὅπλα
1575 2749 1654 2796 αι’)-

183 2821 272 2867 τῶν
304 2817 614 2865 σκυλεύουσιν·
648 2816 789 2873 οὕτως
804 2814 962 2879 Ὦρος·
992 2819 1392 2881 προπαροξύνεται
1421 2818 1483 2873 δὲ,
1517 2815 1578 2874 (ὃς
1597 2820 1654 2866 τὰ
