1811 3132
810 149 877 194 >31

127 269 349 324 Terambo)
380 274 540 323 pastore
572 268 755 311 Meliensi
786 269 891 321 agit3
932 282 1048 323 quam
1081 280 1177 310 vero
1205 275 1350 312 terram
1379 270 1455 328 τήν
1478 273 1583 327 Μη-

125 344 245 388 λιέων
276 346 391 383 vocat
419 339 664 388 Antoninus,
698 350 786 379 eam
818 339 867 380 de
898 339 1003 380 Melo
1025 340 1270 381 Acarnaniae
1302 353 1403 393 pago
1432 341 1584 383 intelli—

124 414 292 467 gendam
323 423 431 451 esse>
462 410 589 450 forma
622 408 761 461 gentili
793 406 984 465 Μηλιεὺς
1003 410 1186 459 efficitur,
1218 423 1254 451 v,
1276 410 1466 463 Stephan.
1491 412 1583 464 Byz.

126 496 239 532 s.V.;
270 481 376 521 idem
399 479 618 520 Cerambus
652 479 700 519 ad
723 479 895 531 Othryos
927 480 1085 522 radices
1116 481 1317 522 habitasse
1337 482 1497 523 dicitur.
1529 505 1582 512 -

126 550 306 594 Secunda
339 549 471 590 fabula
504 562 539 591 c.
572 548 600 589 4
631 548 743 590 litem
785 549 952 591 deorum
997 551 1047 592 de
1079 552 1288 593 Ambracia
1329 559 1368 593 et
1400 553 1581 606 Cragalei

126 622 318 665 iudicium
360 620 558 669 continet,
601 619 667 674 qui
711 633 801 661 cum
834 620 997 662 Herculi
1038 622 1285 663 vindicasset
1316 622 1582 671 Ambraciam,

124 687 173 736 ab
205 693 306 734 irato
336 691 520 743 Apolline
549 691 590 731 in
622 703 760 732 saxum
790 704 932 732 versus
973 698 1035 732 est
1067 692 1138 740 (cl'.
1171 692 1286 732 Ovid.
1317 691 1428 740 Xlll,
1464 690 1584 742 713).

125 762 318 814 Reliquae
350 761 501 801 circum
532 760 768 801 Thessaliae
799 760 992 812 regiones
1037 766 1273 801 versantur:
1314 760 1432 800 tertia
1464 773 1499 800 c.
1530 757 1585 799 32

128 831 177 872 de
209 831 367 884 Dryope
398 842 420 870 a
451 828 640 882 nymphis
668 829 848 882 abrepto,
883 829 989 870 circa
1021 830 1158 871 Oetam
1190 834 1367 870 montem
1401 835 1439 869 et
1460 828 1586 881 Dryo-

125 912 219 954 pes;
252 898 407 940 accedit
427 898 667 951 Amphissae
687 899 1026 948 commemoratio,
1057 899 1225 940 Loci-iae
1256 899 1371 939 urbis
1398 899 1445 938 ab
1470 898 1585 951 Oxyli

129 974 273 1022 nepote
304 968 523 1021 Amphisso
557 969 757 1010 conditae.
789 993 845 999 ——-
887 971 1034 1019 Quarta
1067 983 1102 1011 c.
1135 968 1190 1009 23
1230 970 1279 1011 de
1310 970 1423 1010 Batto
1456 974 1519 1010 est
1550 975 1589 1010 et

127 1038 311 1091 Apolline
341 1038 448 1078 iuxta
469 1039 627 1079 Admeti
659 1039 782 1079 boves
814 1046 994 1080 armenta
1024 1040 1257 1091 pascentis;
1291 1039 1487 1079 Admetus
1517 1051 1588 1079 au-

126 1113 206 1148 tem
246 1120 316 1148 rex
346 1108 559 1161 Amphrysi
599 1121 726 1161 prope
751 1108 902 1150 Pheras
934 1109 1152 1150 ferebatur.
1225 1108 1373 1159 Quinta
1407 1107 1586 1161 denique

126 1177 236 1220 c.38
269 1178 320 1219 de
350 1178 470 1220 Aeaci
502 1178 622 1227 filiis,
655 1191 825 1232 quorum
859 1179 1010 1220 Peleus
1041 1180 1089 1219 ad
1123 1179 1384 1231 Eurytionem
1421 1178 1589 1218 Phthiae

126 1258 263 1300 regem
294 1246 475 1300 confugit-
518 1253 558 1288 et
589 1247 808 1289 Chironem
839 1252 1088 1289 centaurum.
1149 1247 1318 1288 Accedit
1358 1246 1590 1287 narratiun-

126 1317 213 1358 cula
254 1317 304 1357 de
344 1317 439 1369 lupo
469 1317 640 1371 quodam
672 1318 779 1359 inter
809 1317 995 1359 Locridis
1032 1323 1073 1358 et
1103 1316 1295 1357 Phocidis
1336 1316 1508 1357 confinia
1548 1315 1590 1356 in

127 1399 266 1428 saxum
296 1392 461 1428 mutato.

264 1456 295 1496 E
327 1456 511 1496 secundo
543 1455 646 1495 libro
676 1455 911 1496 Thessalica
950 1461 1011 1495 est
1040 1454 1171 1494 fabula
1204 1454 1254 1494 de
1287 1453 1472 1499 Meliten,
1504 1452 1590 1494 Me—

129 1525 219 1566 lites
248 1524 499 1565 Phthioticae
530 1524 642 1565 urbis
674 1523 885 1564 conditore
925 1524 1056 1578 deque
1089 1523 1277 1576 Aspalide
1306 1522 1411 1576 apud
1442 1523 1589 1564 Anton.

127 1607 161 1634 c.
188 1593 254 1635 13.
306 1594 524 1647 Epirotica,
560 1595 610 1634 de
630 1594 818 1635 Municho
852 1594 1042 1643 narratio,
1072 1593 1341 1634 Molossorum
1363 1604 1458 1645 rege
1480 1592 1592 1634 eius-

130 1676 208 1717 que
235 1664 388 1713 liberis,
421 1664 473 1705 ib.
504 1677 538 1705 c.
576 1663 641 1713 14,
673 1676 792 1717 quam
823 1664 1065 1705 brevissime
1095 1664 1262 1705 Ovidius
1288 1663 1462 1704 absolvit
1489 1662 1590 1713 Xlll,

130 1732 228 1775 717.
291 1733 439 1783 Tertia,
470 1733 519 1774 de
542 1733 756 1787 Messapiis
790 1747 1010 1788 eorumque
1041 1734 1082 1774 in
1111 1734 1221 1775 ltalia
1253 1734 1439 1783 coloniis,
1472 1734 1526 1776 ib.
1555 1748 1590 1775 c.

130 1803 183 1844 31
220 1804 288 1857 (cf.
321 1804 485 1857 Dionys.
518 1803 643 1844 Halic.
675 1804 721 1844 A.
754 1804 800 1844 R.
829 1804 858 1852 Ι,
892 1803 980 1855 11.)
1022 1810 1188 1857 propter
1218 1804 1445 1856 Messapios
1477 1810 1589 1856 puto,

130 1873 317 1927 antiquos
349 1873 536 1914 Locridis
569 1873 730 1914 Ozoliae
753 1874 907 1915 incolas
941 1874 993 1926 (v,
1016 1874 1194 1927 Thucyd.
1220 1873 1291 1922 111,
1326 1872 1430 1925 101)
1458 1873 1592 1914 locum

130 1942 281 1983 habuit.
352 1943 461 1984 Duae
493 1942 647 1984 fabulae
680 1956 781 1996 quae
810 1949 1018 1996 praeterea
1050 1949 1293 1996 supersunt,
1328 1957 1405 1998 qua
1436 1944 1592 1984 ratione

128 2012 333 2065 prioribus
365 2027 570 2055 connexae
602 2014 764 2063 fuerint,
797 2014 984 2055 extricari
1007 2015 1171 2068 quidem
1195 2027 1273 2054 non
1302 2020 1460 2067 potest:
1495 2026 1592 2067 qua-

130 2093 220 2121 rum
260 2081 390 2134 prima
421 2096 455 2123 c.
492 2081 544 2123 17
593 2082 642 2122 de
672 2083 829 2123 Galatea
871 2083 1043 2136 quadam
1084 2083 1270 2124 Cretensi
1314 2084 1396 2135 agit
1422 2082 1593 2137 eiusque

129 2148 210 2191 filia
247 2150 289 2191 in
321 2151 448 2192 filium
478 2156 640 2200 mutata,
675 2157 725 2195 ,et
755 2151 804 2192 de
829 2151 1094 2205 Ecdysiorum
1128 2152 1245 2201 sesto,
1278 2152 1387 2205 quod
1413 2152 1591 2193 Phaestii

131 2231 218 2259 eam
246 2219 298 2260 ob
328 2232 414 2260 rem
441 2220 617 2261 Latonae
635 2219 800 2273 Phytiae
833 2214 943 2275 (ἥτις
972 2222 1098 2272 ἔφυσε
1127 2217 1261 2275 μήδεα
1292 2222 1343 2283 τῇ
1373 2216 1495 2284 κόρῃ)
1526 2234 1594 2262 ce-

131 2288 365 2345 lebrabant3
408 2289 585 2332 secunda
617 2303 652 2331 c.
685 2288 740 2330 30
771 2289 822 2331 de
851 2289 1008 2339 Mileto,
1052 2289 1218 2343 Byblide
1247 2295 1288 2330 et
1321 2289 1482 2339 Cauno,
1526 2303 1595 2331 co-

130 2359 470 2413 gnominibusque
490 2360 674 2400 urbibus.
737 2359 886 2401 Saltem
912 2364 1090 2412 apparet,
1125 2358 1309 2400 Cretensi
1337 2358 1436 2399 urbe
1467 2358 1594 2399 semel

132 2434 463 2479 commemorata,
502 2429 551 2470 ad
583 2429 762 2470 Miletum
807 2430 947 2471 urbem
990 2435 1172 2483 paratum
1205 2429 1334 2471 fuisse
1366 2428 1593 2478 transitum,

133 2500 322 2552 quoniam
343 2500 561 2541 Cretenses
582 2500 760 2541 Miletum
794 2499 1016 2553 antiquitus
1048 2499 1284 2540 condidisse
1314 2498 1563 2540 serebantur.

272 2570 401 2610 Tertii
444 2569 537 2610 libri
577 2569 678 2611 duae
709 2569 912 2611 Aetolicae
943 2574 1038 2610 sunt
1070 2569 1250 2618 fabulae,
1284 2569 1333 2610 de
1369 2569 1504 2623 Cycno
1536 2568 1593 2609 al-

132 2644 229 2688 tera,
263 2639 440 2681 formoso
467 2640 711 2682 Pleuronem
742 2640 848 2681 inter
876 2644 915 2681 et
943 2639 1188 2693 Calydonem
1220 2646 1412 2681 venatore
1442 2640 1532 2680 Ant.
1555 2652 1592 2681 c.

136 2707 214 2759 123
245 2710 420 2752 secunda
448 2710 498 2751 de
526 2711 656 2752 Oenei>
683 2710 777 2751 filiis
809 2716 848 2751 et
877 2723 974 2763 apro
1001 2709 1233 2763 Calydonio,
1268 2710 1318 2750 de
1350 2709 1459 2750 bello
1491 2709 1594 2750 inter

134 2779 303 2822 Curetes
335 2786 376 2822 et
406 2781 648 2835 Calydonius
678 2786 845 2835 propter
875 2781 1032 2823 occisos
1074 2793 1096 2821 a
1126 2780 1326 2834 Meleagro
1358 2779 1517 2820 Thestii
1551 2780 1597 2820 fi-

135 2848 211 2890 lios
246 2857 399 2902 exorto,
435 2851 611 2905 denique
642 2853 693 2893 de
723 2857 854 2893 morte
880 2851 1071 2904 Meleagri
1104 2856 1145 2891 et
1174 2851 1363 2900 fratrum,
1395 2849 1451 2891 ib.
1484 2863 1521 2891 c.
1555 2847 1596 2887 2.
