1811 3132
180 167 196 174 =
802 148 858 190 33

105 283 223 327 quam
256 270 424 310 Tzetzcs
457 267 499 308 in
529 266 727 319 Lycoplu'.
770 265 846 306 [43
881 272 920 307 et
947 266 1174 307 accuratius
1206 271 1347 307 auctor
1370 264 1562 318 Emit-M.

102 356 137 382 v.
170 334 451 392 Ταυροπόλον
483 336 674 388 respexit,
709 335 775 375 ubi
809 336 953 376 collato
986 335 1188 376 Antonino
1220 336 1383 376 inverso
1414 335 1563 375 ordine

104 408 151 452 οὗ
191 402 455 462 ταυροφάγον
493 403 601 449 ἇλλά
641 402 901 459 ταυροπόλον
929 405 1148 458 legendum
1178 419 1269 446 esse
1303 406 1564 446 manifestum

103 481 155 519 lit.
217 479 362 518 Octava
390 476 519 516 sabula
547 476 597 515 de
635 475 885 516 Galinthiade
915 476 1082 530 eiusque
1116 476 1208 516 dolo
1239 488 1318 529 quo
1346 476 1563 516 Alcmenae

103 552 260 601 partum
303 545 467 594 levavit,
511 545 656 586 Anton.
690 558 722 586 c.
757 542 836 593 29,
879 545 1025 599 quibus
1064 546 1251 587 ultimum
1289 546 1444 588 accedit
1485 547 1566 587 sra-

105 623 310 671 gmentum
341 629 389 657 cx
418 616 560 657 Athen.
595 616 660 657 Vll
687 629 724 669 p.
751 615 855 672 ¹305,
897 617 946 658 d:
979 616 1209 673 Νίκανδρος
1241 616 1278 659 δ’
1312 619 1356 659 ἐν
1387 613 1564 673 τετάρτῳ

102 686 443 742 Ἑτεροιουμένων
485 688 635 741 φησίν·

383 752 411 809 ἢ
436 753 589 809 σκάρον
622 751 650 810 ἢ
679 754 821 811 κίχλην
850 752 1143 810 πολυώνυμον.

245 824 322 865 [Ias
354 829 485 864 autem
516 822 670 863 fabulas
701 823 958 864 tumultuario
980 825 1172 876 proposui
1210 825 1354 864 ordine
1387 837 1466 877 quo
1497 836 1567 864 rc-

106 900 336 934 censentur.
380 892 567 933 Pierides
599 905 695 932 vero
727 899 862 945 aptum
895 894 1027 933 secere
1050 895 1262 934 transitum
1280 894 1328 933 ad
1345 894 1563 941 Boeotiam,

104 962 306 1001 Musarum
340 961 450 1001 cultu
482 961 684 1011 nolJilem3
715 961 764 1001 ad
783 961 1029 1014 eandemque
1048 962 1254 1002 Boeotiam
1278 961 1496 1001 Thebanae
1517 960 1567 1000 de

105 1031 277 1072 Hercule
317 1031 473 1071 fabulae
516 1032 721 1083 pertinent
761 1038 799 1072 et
838 1031 886 1071 dc
917 1032 1079 1072 Orionis
1110 1032 1290 1081 filiabus;
1323 1031 1424 1071 adde
1454 1030 1566 1083 Iphi-

106 1103 264 1155 gcniam
305 1103 450 1143 Aulide
482 1103 748 1153 immolatam,
795 1117 912 1157 quam
944 1104 1102 1145 fabulae
1142 1106 1191 1145 de
1234 1104 1341 1145 bello
1375 1104 1564 1152 Troiano,

107 1185 209 1225 quae
252 1172 413 1225 quidem
455 1185 545 1213 cum
584 1173 1008 1214 transformationibus
1041 1181 1176 1215 essent
1210 1175 1471 1224 coniunctae,
1504 1175 1567 1214 vi-

109 1242 253 1281 dentur
284 1243 506 1294 excepisse.

243 1312 381 1365 Itaque
413 1312 490 1353 huc
522 1313 795 1354 revocaverim
826 1313 958 1354 locum
990 1314 1096 1365 apud
1121 1314 1254 1354 Schol.
1278 1314 1398 1353 Marc.
1424 1314 1464 1353 in
1487 1314 1568 1354 Eu-

105 1383 179 1433 rip.
210 1382 307 1422 Hcc.
339 1382 359 1421 1
395 1383 459 1421 ed.
502 1383 632 1430 Geel„
677 1384 783 1436 quod
823 1384 867 1422 G.
899 1383 1153 1422 Hermanuus
1182 1383 1221 1421 in
1265 1382 1566 1422 Selincidewini

106 1450 315 1504 Pliilologo
355 1451 405 1503 11,
443 1465 480 1504 p.
527 1450 610 1492 134
648 1452 701 1492 ita
743 1452 988 1494 emendavit:
1021 1448 1257 1507 Νίκανδρος
1283 1448 1329 1493 δὲ
1359 1448 1567 1513 Εὐριπίδῃ

108 1519 356 1575 συνδραμών
384 1519 457 1576 τὴν
483 1516 663 1576 Ἑκάβην
693 1523 792 1576 φησί
828 1523 1040 1570 Κισσέως·

228 1588 352 1634 ’Ἔνθ’
380 1587 539 1646 Ἑκάβη
572 1590 763 1645 Κισσηὶς,
793 1584 851 1633 ὅτ’
882 1592 925 1633 ἐν
955 1589 1053 1646 πυρὶ
1085 1587 1251 1642 δέρκετο
1281 1585 1447 1644 πάτρην

223 1660 291 1704 καὶ
317 1657 442 1703 πόσιν
471 1661 650 1722 ἑρκείῃσι
688 1663 1037 1712 παρασπαίροντα
1068 1657 1268 1712 θυηλαῖς,

224 1730 281 1776 εἷς
306 1723 386 1771 ἅλα
423 1727 568 1770 ποσσὶν
600 1724 747 1781 ὄρουσε
776 1726 844 1768 καὶ
873 1724 1158 1782 ἇντήλλαξατο
1187 1723 1355 1783 μορφὴν

223 1795 362 1855 γρῆιον
391 1794 701 1852 “Ί’ρκανίῦεσσιν
726 1794 965 1853 ἕειδομέιην
995 1793 1280 1840 σκυλάκεσσιν.

108 1870 234 1910 Porro
273 1869 450 1908 incertae
490 1868 598 1908 sedis
626 1868 847 1919 fragmenta
877 1868 1061 1908 seruntur
1118 1880 1220 1920 quae
1253 1873 1418 1919 propter
1448 1879 1568 1918 argu-

108 1938 231 1980 menti
281 1937 454 1977 maxime
506 1943 711 1986 naturam,
768 1942 809 1977 ut
851 1937 982 1977 sabula
1025 1937 1074 1977 de
1118 1937 1351 1989 pastoribus
1384 1937 1518 1989 Lyciis
1548 1949 1569 1976 a

108 2009 257 2049 Latona
300 2008 341 2047 in
381 2020 500 2047 ranas
543 2007 748 2048 conversis
784 2007 930 2048 Anton.
970 2020 1005 2047 c.
1047 2006 1100 2046 35
1144 2006 1237 2058 (ubi
1283 2004 1508 2059 Τρεμιλίδα
1548 2019 1569 2044 e

109 2077 247 2130 Stcph.
278 2077 367 2129 Byz.
394 2089 466 2129 pro
503 2075 728 2131 Τριμιλίδα
770 2077 1075 2131 scribendum),
1116 2076 1182 2117 hic
1214 2076 1357 2128 reponi
1389 2075 1567 2128 possint:

111 2152 203 2188 suut
232 2153 366 2187 autem
397 2147 485 2187 tria.

248 2216 294 2270 l)
326 2217 457 2257 Scliol.
490 2217 611 2258 Ther.
646 2217 755 2259 349:
781 2216 827 2260 τὸ
858 2214 1138 2273 ἀμορβεύοντο
1165 2215 1211 2260 δὲ
1237 2213 1329 2259 ἀντὶ
1361 2217 1438 2259 τοῦ
1480 2213 1571 2271 διη-

110 2289 325 2337 κονοῦντο,
357 2285 694 2341 ἐθεραπεύοντο,
732 2289 936 2343 ἐφέροντο
965 2288 1032 2330 ἐπὶ
1062 2284 1171 2330 ὄνων
1204 2284 1273 2328 διὰ
1305 2283 1351 2328 τὸ
1395 2282 1572 2339 ὀκνηρὸν

110 2354 270 2398 αὐτῶν·
300 2354 545 2411 ἁμορβεύειν
571 2355 651 2411 γὰρ
682 2356 731 2400 τὸ
762 2355 1019 2413 ἀκολουθεῖν
1039 2356 1116 2410 nal,
1129 2355 1356 2411 ὑπηρετεῖν.
1420 2356 1571 2395 Νίκαν-

112 2420 208 2478 δρος
238 2425 280 2467 ἐν
311 2424 433 2480 ἑτέρῳ
465 2425 511 2474 (l.
544 2425 894 2480 ἑτεροιουμένοις)

386 2495 583 2548 βουκαῖοι
612 2489 824 2545 ζεὺγεσσιν
854 2489 1160 2548 ἆμορβεύουσιν
1189 2488 1338 2548 ὄρήων.

250 2563 568 2605 Heteroeumcna
600 2563 805 2616 indagavit
825 2563 1051 2605 certissima
1074 2563 1306 2604 coniectura
1322 2561 1572 2614 Bernhardyi

110 2632 203 2674 hist.
220 2632 342 2674 litter.
361 2632 428 2674 Gr.
443 2632 488 2683 ll,
509 2646 546 2686 p.
569 2632 695 2675 1041.
727 2635 934 2688 βουκαῖος
962 2634 1068 2686 apud
1100 2633 1346 2674 Nicandrum
1376 2633 1575 2673 rusticum

111 2709 243 2745 notat:
271 2703 319 2745 cf.
348 2702 468 2745 Ther.
504 2702 528 2743 5
563 2711 602 2746 et
634 2704 701 2759 qui
731 2704 840 2745 hunc
869 2710 1139 2758 respexerunt
1168 2717 1329 2746 versum
1359 2703 1493 2745 Schol.
1528 2703 1574 2745 ll.

119 2776 161 2815 Y.
192 2772 290 2814 824.
323 2774 455 2827 Etym.
482 2774 532 2815 M.
563 2789 595 2816 s.
628 2788 663 2815 v.

251 2842 299 2896 2)
330 2844 486 2889 Plinius
513 2845 559 2889 ΙΙ.
580 2845 625 2891 Ν,
658 2846 843 2898 XXXVII,
878 2844 952 2889 14:
986 2845 1276 2897 „Phaethontis
1311 2844 1478 2887 fulmine
1511 2843 1577 2885 icti

1272 2913 1297 2956 5
