1811 3132
784 142 843 185 27

90 279 178 310 mus
221 261 452 304 Dindorfius
486 259 607 307 vidit,
659 258 773 300 cuius
814 258 1056 299 sententiam
1097 260 1267 311 probant
1306 260 1549 307 Meinekius,

90 332 381 384 Bernhardyus,
414 328 494 369 alii.
555 329 635 369 Pro
666 329 845 379 σκῶπες,
877 328 1041 369 nomine
1067 329 1172 369 inter
1199 330 1335 382 pisces
1368 330 1549 371 inaudito

93 407 203 459 (narn
233 399 357 455 σκὼψ
388 404 451 440 est
480 398 607 451 ulula)
637 398 909 440 Schneiderus
944 398 1083 440 maluit
1111 400 1268 455 βῶκες,
1315 400 1365 440 de
1400 400 1546 452 quibus

93 490 128 516 v.
161 471 317 513 oribas.
351 470 414 509 ed.
446 469 629 510 Bussem.
660 481 699 520 p.
725 467 820 509 128.
881 470 1000 510 Certe
1032 467 1151 525 σκώψ
1184 475 1245 509 est
1276 469 1381 509 ulula
1429 469 1546 508 Hom.

95 544 166 586 Οὐ.
186 557 219 593 ε,
246 539 315 581 66.
347 539 519 580 Tlleocr.
552 537 589 587 1,
627 537 723 579 136.
754 538 909 580 Aelian.
938 538 985 579 H.
1018 539 1063 580 Α.
1095 539 1184 588 XV,
1213 537 1286 579 28.
1359 539 1547 580 Ceterum

92 612 195 654 haud
225 622 318 651 raro
348 609 480 648 avium
516 608 678 648 nomina
709 608 846 649 eadem
877 608 1049 661 piscium
1075 608 1203 650 fuisse
1228 608 1325 649 satis
1349 614 1517 649 constat.

228 680 520 731 Argumentum
550 691 647 719 vero
679 677 893 727 carminis,
938 678 972 719 si
1006 678 1102 731 quid
1134 678 1176 718 in
1206 683 1313 718 tanta
1346 679 1548 730 fragmen--

95 758 224 793 torum
264 747 434 801 penuria
475 747 677 789 coniicere
717 747 835 796 licet,
877 747 983 787 circa
1024 747 1234 787 Herculem
1274 746 1442 800 eiusque
1482 758 1548 786 res

93 826 224 874 gestas
257 822 458 860 versatum
493 823 567 859 est.
639 817 736 858 Nam
778 817 972 858 Dindorfii
1006 817 1268 864 sententiam,
1303 816 1370 869 qui
1401 815 1548 857 Nican-

95 892 209 932 drum
250 888 300 930 de
340 888 525 941 piscibus
560 887 693 940 egisse
738 888 778 928 in
822 887 886 928 his
916 887 1032 928 libris
1062 886 1278 933 censebat,
1321 886 1355 926 si
1388 885 1549 939 quidem

94 961 279 1012 ambigua
299 959 387 999 eius
410 959 530 1000 verba
549 963 656 1000 recte
687 958 880 1010 intelligo,
915 958 993 999 iam
1013 957 1241 998 Meinekius
1262 955 1404 998 reiecit
1425 956 1552 996 Exer-

95 1030 176 1070 citt.
208 1028 248 1068 in
279 1027 423 1068 Athen.
454 1027 481 1067 l.
514 1027 540 1067 l.

642 1128 844 1187 Caput
870 1129 1015 1175 vn.

232 1224 475 1265 Siciliam
515 1224 704 1266 Nicandri
743 1225 806 1266 his
846 1225 1082 1266 memoravit
1120 1224 1254 1266 Schol.
1298 1225 1419 1264 Ther.
1453 1223 1552 1272 382,

95 1295 328 1337 vocabulum
355 1292 517 1349 μάλκαι
547 1296 815 1349 interpretans
858 1296 929 1346 (cf.
968 1309 1007 1348 p.
1047 1294 1155 1346 ll.):
1194 1294 1295 1351 ἡμῖν
1327 1292 1362 1337 δ’
1394 1292 1556 1349 ἀρέσκει

96 1369 166 1408 νῦν
196 1363 363 1420 νάρκαι,
405 1364 458 1407 δι’
489 1359 542 1409 οὗ
571 1364 619 1408 τὸ
649 1364 780 1422 ψύχος
810 1368 1017 1420 σημαίνει·
1059 1363 1129 1408 καὶ
1153 1361 1234 1420 γὰρ
1260 1362 1387 1413 αὐτὸς
1415 1363 1438 1405 ὅ
1469 1367 1555 1406 Νί-

96 1430 270 1488 κανδρος
294 1433 364 1477 ὁτὲ
391 1436 467 1488 μὲν
496 1434 563 1477 ἐπὶ
594 1432 773 1492 ψύχους,
806 1428 871 1476 ὅτε
900 1431 939 1475 δ’
962 1433 1027 1476 ἐπὶ
1055 1436 1132 1476 τοῦ
1161 1435 1318 1487 ναρκᾶν
1347 1434 1555 1489 κέχρηται,

97 1504 164 1546 καὶ
192 1502 256 1546 ἐπὶ
283 1502 358 1557 μὲν
381 1500 535 1561 ψύχους
567 1505 609 1547 ἐν
638 1506 691 1566 τῇ
722 1504 893 1559 Σικελίᾳ
923 1498 1073 1552 οὕτως·

210 1568 350 1626 ὄμβρῳ
372 1588 413 1613 τε
443 1574 581 1627 κρυμῷ
609 1570 653 1614 θ’
688 1568 757 1615 ὅτε
787 1570 953 1626 δέρματ’
985 1569 1194 1626 ὲδάμνατο
1219 1571 1409 1627 μάλκαις.

94 1641 159 1684 ἐπὶ
186 1640 232 1684 δὲ
262 1643 338 1683 τοῦ
366 1643 522 1695 ναρκᾶν
548 1639 676 1693 μόνον
700 1643 745 1683 ὲν
774 1649 860 1689 τοῖς
892 1645 1139 1695 Κιμμερίοις
1169 1645 1317 1697 χρῆται
1347 1643 1394 1693 (l.
1412 1643 1554 1699 κέχρη·

96 1713 199 1760 ται).
267 1710 401 1763 Ipsum
443 1711 710 1762 fragmentum
751 1711 792 1751 in
830 1709 946 1751 libris
986 1717 1218 1763 corruptum
1257 1723 1278 1750 e
1320 1710 1554 1751 coniectura

97 1780 263 1821 correxi.
335 1780 417 1821 Vat.
456 1782 597 1834 κρυμῷ
637 1795 678 1821 τε
705 1777 888 1834 δώμαθ’
920 1776 978 1822 ὅτ’
1009 1777 1218 1834 ἐδάμνατο
1248 1779 1418 1833 μᾶλλον.
1478 1780 1555 1820 Pa-

97 1851 166 1892 ris.
198 1850 328 1904 δέματ
360 1844 425 1893 ὅτε
456 1845 678 1902 δάμνονται
705 1847 914 1904 (δάμνατο
948 1850 1145 1902 Gotting.)
1176 1848 1348 1904 μάλκαι.
1411 1851 1556 1903 Vulga—

98 1929 180 1962 tum
230 1916 330 1963 ὅταν
373 1918 608 1973 δάμνωνται
652 1916 809 1973 μάλκαι
851 1920 1145 1972 ingratissimos
1189 1920 1310 1960 hahet
1350 1933 1554 1961 numeros.

97 1990 335 2031 Schneideri
377 1995 511 2031 autem
551 1996 822 2030 commentum
865 2004 908 2030 τε
949 1987 1089 2041 δείματ’
1132 1983 1198 2030 ὅτε
1229 1985 1420 2040 δάμνατο
1449 1986 1556 2040 μᾶλ-

97 2059 172 2103 λον
192 2066 270 2100 tam
293 2066 503 2101 contextus
526 2060 736 2100 verborum
762 2072 879 2112 quam
901 2063 1179 2110 argumentum
1203 2056 1346 2097 scholii
1367 2058 1524 2097 refutat.

234 2128 346 2170 Alter
367 2129 529 2171 Siciliae
560 2141 701 2169 versus
733 2128 839 2181 apud
861 2127 1105 2181 Stephanum
1123 2125 1360 2180 Byzantium
1387 2139 1424 2166 v,
1448 2122 1555 2176 Ζάγ-

98 2198 172 2255 κλη
203 2205 328 2248 extat,
363 2212 384 2239 e
417 2199 572 2239 decimo
605 2199 707 2239 libro
739 2198 938 2250 prolatus,
970 2197 1090 2237 modo
1123 2209 1216 2236 vera
1245 2196 1298 2236 sit
1329 2196 1555 2247 scriptura3

297 2269 447 2310 Καίτοι
479 2266 546 2308 καὶ
576 2263 764 2321 Ζάγκλης
792 2261 894 2320 ἐδάη
927 2261 1210 2319 Δρεπανηίδος
1241 2260 1358 2304 ἄστυ.

96 2337 233 2390 Neque
265 2350 312 2378 ea
339 2337 481 2385 verba,
514 2350 615 2390 quae
645 2336 749 2388 apud
784 2336 908 2376 Clem.
941 2334 1051 2375 Alex.
1083 2334 1214 2374 Protr.
1248 2333 1294 2381 11,
1326 2333 1380 2372 39
1412 2333 1557 2384 legun-

101 2413 186 2448 tur:
226 2405 312 2464 οὐχὶ
341 2406 393 2450 δὲ-
412 2404 645 2469 Ἀφροδίτῃ
676 2407 897 2467 περιβασίῃ
924 2403 999 2457 μὲν
1027 2405 1070 2446 οῖ
1097 2400 1307 2455 Ἀργεῖοι,
1338 2403 1480 2458 ἑταίρᾳ
1511 2398 1557 2443 δὲ

96 2475 331 2531 Ἀθηναῖοι
358 2475 426 2520 καὶ
454 2474 695 2529 καλλιπύγῳ
724 2472 886 2518 θύουσι
916 2469 1216 2527 Συρακούσιοι,
1249 2468 1297 2526 ἢν
1325 2469 1559 2527 Νίκανδρος

101 2545 122 2588 ὃ
152 2546 331 2603 ποιητὴς
361 2542 656 2602 καλλίγλουτόν
686 2560 768 2588 που
797 2542 1009 2598 κέκληκεν,
1039 2543 1118 2583 huc
1145 2543 1297 2582 referre
1322 2540 1476 2581 dubito.

622 2660 824 2715 caput
857 2657 1033 2704 vlll.

241 2754 625 2795 Thebaicorum
652 2753 815 2794 unicum
848 2758 1035 2806 superest
1063 2753 1329 2806 fragmentum
1357 2749 1450 2791 libri
1477 2754 1558 2791 ter-

100 2822 167 2874 tii,
198 2825 301 2879 apud
333 2824 467 2867 Schol.
497 2824 618 2868 Ther.
650 2821 760 2865 214:
