1811 3132
811 146 869 191 37

229 263 314 310 Οὐκ
345 266 427 323 ἔχις
459 263 555 310 οὐδὲ
585 258 791 321 φάλαγγες
820 263 1021 323 ἀπεχθέες
1053 261 1148 308 οὐδὲ
1177 261 1410 321 βαθυπλὴξ

282 335 451 380 ἄλσεσιν
480 333 647 387 εὗζώοις
677 333 876 389 σκορπίος
901 338 944 379 ἐν
975 335 1200 391 Κλαρίοις·

229 408 394 462 Φοῖβος
422 406 510 450 ἐπεί
536 403 572 460 ρ’
605 402 772 448 αὐλῶνα
801 404 952 463 βαθὺν
976 405 1139 469 μελίῃσι
1169 401 1362 461 καλύψας

279 473 453 533 ποιηρὸν
483 473 666 520 δάπεδον
695 476 828 531 θῆκεν
859 474 956 525 ἑκὰς
987 474 1183 520 δακετῶν.

111 550 152 589 V.
182 547 223 588 2.
252 560 325 601 pro
353 547 548 588 librorum
591 546 790 599 scriptura
826 547 869 589 ἓν
912 543 1024 598 ζώοις
1053 545 1190 599 recepi
1225 545 1394 587 Gesneri
1429 556 1568 586 emen-

109 619 311 660 dationem
341 614 518 668 εὐζώοις,
548 617 654 671 quod
681 617 919 658 vocabulum
946 617 994 657 ad
1025 617 1249 669 analogiam
1279 616 1568 657 adiectivoruul

107 684 307 740 ε-ὕαιιδρος
335 683 512 735 εὔιππος
553 686 723 726 aliorum
763 685 1003 726 animalibus
1044 685 1313 725 abundantem
1342 683 1573 736 significare

107 757 287 804 videtur,
327 755 492 808 dignum
534 755 632 796 illud
665 755 888 802 Nicandro,
938 767 1054 807 quem
1085 753 1399 794 audacissimum
1427 753 1468 792 in
1499 765 1569 791 vo-

109 826 343 868 cabulorum
386 824 751 878 significationibus
797 829 1028 865 novatorem
1070 825 1196 866 fuisse
1241 828 1409 865 constat.
1490 821 1570 863 Sed

108 897 269 938 miraris
311 898 484 937 sortasse
530 909 692 937 carmen
724 895 963 937 didacticum
997 896 1174 948 elegiaco
1204 900 1334 936 metro
1367 893 1570 946 composi-

108 965 228 1007 tum?
297 966 348 1006 At
387 977 508 1014 vero,
543 970 765 1018 praeeunte
796 964 968 1018 Panyasi
1011 965 1053 1005 in
1081 962 1296 1014 Ἰωνικοῖς,
1337 966 1571 1015 argumenta

111 1035 285 1089 mythica
317 1040 355 1074 et
384 1034 601 1083 historica,
642 1034 806 1074 omnino
840 1034 975 1086 opica,
1008 1033 1193 1073 distichis
1222 1037 1445 1073 tractarunt
1473 1044 1573 1085 poe-

111 1111 174 1146 tae
208 1105 494 1153 Alexandrini,
538 1104 769 1144 Alexander
806 1104 970 1145 Aetolus
1012 1104 1053 1143 in
1084 1103 1293 1156 Apolline,
1337 1102 1487 1155 Hedyla
1530 1102 1573 1142 in

111 1174 264 1228 Scylla,
308 1174 575 1216 Callimachus
618 1174 660 1214 in
687 1174 838 1224 Aetiis‚
876 1174 1161 1215 Eratosthenes
1204 1174 1245 1214 in
1278 1173 1456 1226 Erigone
1502 1187 1572 1214 eo-

110 1245 280 1298 demque
312 1244 353 1284 in
385 1256 532 1296 genere
558 1244 758 1284 Romanos
792 1249 929 1296 poetas
961 1244 1065 1284 nacti
1097 1248 1190 1284 sunt
1218 1242 1459 1293 imitatore53
1494 1255 1572 1296 quo

109 1315 237 1366 inagis
270 1314 511 1354 didacticum
531 1327 692 1355 carmen
724 1314 908 1355 distichis
941 1314 1072 1366 potuit
1101 1314 1299 1366 adstringi
1333 1313 1399 1354 illa
1430 1319 1572 1363 aetate,

111 1398 186 1438 qua
229 1391 338 1425 certa
378 1390 505 1425 metra
546 1398 626 1425 non
659 1385 737 1425 iam
769 1385 993 1437 argumenti
1027 1385 1310 1425 necessitatem
1343 1386 1573 1438 sequeban-

111 1461 188 1504 tur,
221 1455 292 1496 sed
326 1468 347 1495 e
367 1461 575 1508 poetarum
594 1456 828 1508 pendebant
857 1455 1036 1504 arbitrio,
1070 1455 1136 1508 qui
1168 1455 1429 1496 metricorum
1454 1468 1572 1508 prae-

111 1530 224 1577 cepta
255 1524 369 1564 anxie
402 1524 607 1565 intuentes
641 1524 864 1566 doctrinam
897 1530 1159 1565 ostentarent.
1220 1525 1332 1565 Facit
1358 1525 1573 1566 nobiscum

109 1594 281 1635 Baebius
324 1595 365 1634 in
396 1594 490 1635 hist.
523 1594 612 1635 erit.
645 1607 758 1647 poes.
793 1595 932 1635 Graec.
966 1595 1067 1647 eleg.
1099 1595 1250 1636 Fuldae
1282 1594 1395 1636 1840
1423 1609 1463 1649 p.
1504 1595 1572 1645 32,

112 1665 173 1705 eui
214 1664 369 1717 primus
413 1677 552 1705 eorum
592 1665 659 1718 qni
691 1665 904 1707 innotuere
917 1663 954 1718 l)
987 1665 1188 1706 Nicander
1221 1666 1458 1708 didacticum
1489 1667 1574 1709 ele-

113 1735 216 1787 giam
250 1734 438 1787 Ophiacis
471 1735 698 1775 excoluisse
729 1734 951 1775 videbatur.

253 1805 333 1846 Iam
375 1805 561 1846 didactici
603 1806 827 1858 argumenti
871 1805 982 1859 (nam
1020 1806 1158 1848 licebit
1196 1812 1401 1860 utcunque
1432 1819 1575 1848 versus

112 1876 231 1915 inodo
280 1876 462 1915 laudatos
512 1887 585 1928 pro
622 1875 908 1928 epigrammate
942 1875 1110 1926 habere)
1151 1875 1365 1916 manifesto
1404 1875 1573 1916 alterum

113 1950 176 1986 est
210 1945 477 1996 fragmentum
510 1944 613 1996 apud
646 1945 801 1985 Aelian.
834 1945 882 1985 ΙΙ.
914 1945 959 1985 A.
992 1945 1088 1993 XVI,
1123 1943 1204 1985 28:

217 2011 397 2055 Ἕκλυον
427 2011 481 2061 ὡς
516 2017 694 2068 Λίβυες,
747 2010 924 2056 ἶΙ’“ιἰλλων
956 2016 1094 2065 γένος,
1127 2012 1221 2056 οὔτε
1252 2031 1291 2055 τι
1324 2015 1475 2068 θηρῶν

287 2081 407 2127 αὐτοὶ
438 2079 666 2138 κάμνουσιν
695 2081 927 2146 μυδαλέῃσι
956 2090 1119 2136 τυπαῖς,

232 2151 301 2204 οὓς
330 2152 479 2207 Σύρτις
506 2150 648 2209 βόσκει
679 2152 973 2210 θηροτρὸφος·
1017 2146 1062 2197 εὖ
1091 2153 1136 2197 δὲ
1164 2156 1234 2197 καὶ
1263 2152 1406 2205 ἄλλοις

287 2220 487 2276 ἀνδράσιν
516 2221 678 2278 ἤμυναν
706 2219 914 2278 τὺμμασιν
945 2222 1217 2280 ἀχθομένοις,

228 2290 279 2335 οὐ
303 2292 431 2347 ῥίζαις
460 2290 668 2347 ἔρδοντες,
702 2294 781 2336 ἑῶν
810 2291 847 2335 δ’
880 2292 966 2338 ἀπὸ
996 2292 1172 2351 σῦγχροα
1201 2299 1346 2352 γυίων,

114 2364 183 2406 καὶ
220 2362 270 2406 τὰ
314 2363 383 2407 ἐπὶ
424 2361 583 2414 τούτοις
614 2365 725 2406 addit
753 2365 956 2409 Aelianus.
990 2366 1264 2408 Schneiderus
1296 2367 1367 2417 „in
1397 2371 1574 2409 extremo

207 2519 245 2564 1)
275 2519 477 2553 Pancrates
513 2519 612 2554 enim
637 2520 912 2555 Alexandrinus
937 2522 1120 2556 Hadriani
1154 2526 1279 2557 aetate
1304 2523 1573 2557 Cosdroeidem

113 2578 172 2610 vel
198 2577 417 2610 Osroeidem
446 2578 495 2620 (v.
519 2578 655 2622 Bergk.
684 2579 724 2613 in
750 2580 846 2615 Mus.
873 2579 993 2615 Rhen.
1020 2581 1066 2615 N.
1091 2581 1116 2615 l.
1143 2592 1178 2626 p.
1204 2580 1294 2627 356)
1319 2590 1467 2614 carmen
1494 2581 1572 2626 epi-

113 2647 195 2669 cum
232 2636 443 2681 composuit
471 2637 639 2673 versibus
675 2638 871 2683 elegiacis,
909 2650 982 2684 quo
1010 2640 1165 2674 Traiani
1193 2641 1332 2674 bellum
1357 2639 1573 2674 Parthicum

112 2698 243 2728 contra
271 2696 415 2729 Ost-oen
445 2706 571 2739 regem
597 2696 813 2732 illustravit.
863 2697 1067 2732 Praeterea
1094 2698 1202 2732 Philo
1232 2698 1434 2732 Triccaeus
1459 2701 1572 2743 atque

112 2753 396 2789 Andromachus
433 2754 648 2800 Cretensis,
682 2756 746 2802 qui
784 2756 881 2791 circa
920 2769 1056 2792 annum
1091 2757 1136 2792 50
1164 2770 1198 2802 p.
1228 2757 1315 2792 Chr.
1349 2758 1571 2800 floruerunt,

111 2811 281 2845 antidota
308 2814 489 2857 quaedam
516 2814 662 2848 medica
687 2815 855 2858 elegiaco
885 2819 1003 2849 metro
1029 2815 1273 2850 incluserunt.
1322 2815 1363 2849 V.
1379 2814 1493 2850 Bach.
1512 2817 1532 2849 Ι.
1549 2817 1570 2848 Ι.

110 2869 341 2914 Bernhardy.
366 2871 451 2907 hist.
474 2872 588 2908 litter.
610 2873 741 2911 Graec.
759 2875 801 2910 ΙΙ.
831 2887 866 2921 p.
893 2875 974 2911 395.
