1811 3132
885 141 940 186 10

753 280 957 340 caput
985 284 1070 328 ΙΙ.

312 388 583 430 Exordiamur
606 401 625 427 a
659 387 878 428 Glossis
907 387 1123 429 Nicandri:
1167 401 1336 443 quarum
1365 391 1537 444 plurima
1565 392 1644 433 sra-

173 465 334 511 gmenta
366 472 458 499 cum
501 458 754 498 inveniantur
784 457 888 509 apud
920 458 1193 507 Athenaeum,
1232 461 1372 500 nescio
1426 474 1503 513 quo
1549 475 1644 501 casu

171 527 546 581 Schweighaeuscri
577 527 618 567 in
652 527 788 568 indice
822 527 987 577 omissa,
1022 528 1160 569 multis
1192 541 1243 569 ne
1271 529 1536 572 innotuerunt
1553 532 1644 586 qui-

172 601 279 642 dem.
340 600 420 640 Sed
458 599 681 640 lexic-orum
714 598 937 651 scriptores
970 598 1162 639 Nicandri
1196 599 1436 652 Colophonii
1483 602 1641 655 glossas

170 671 295 712 citant
323 670 481 719 rarius,
530 682 650 723 quam
690 668 972 721 glossematica
1005 668 1239 722 Thyatireni
1284 671 1491 723 opuscula.
1554 673 1642 723 Quo

170 744 319 782 sactum
361 747 404 781 ut
445 740 554 780 illius
586 740 811 791 fragmenta
850 739 891 779 iu
935 739 1043 780 hunc
1084 742 1427 790 transferrentur,
1468 755 1642 795 eumque

169 812 211 852 in
253 810 426 863 singulis
459 809 506 850 Ο.
539 808 776 850 Schneider.
810 808 859 849 de
890 809 1015 850 schol.
1038 809 1079 849 in
1112 809 1317 863 Aristoph.
1351 811 1466 852 fontt.
1498 823 1538 863 p.
1571 809 1641 859 95,

168 880 360 920 universe
390 877 673 929 Bernhardyus
706 877 746 916 in
777 877 873 917 hist.
901 878 975 917 litt.
1002 878 1068 917 Gr.
1090 877 1138 917 ll.
1158 891 1197 929 p.
1236 877 1347 918 1042
1379 885 1640 931 agnoverunt.

167 952 219 990 At
247 947 478 989 Athenaeus
522 946 660 987 multis
704 946 746 986 in
792 946 893 987 locis
932 946 1090 999 glossas
1129 946 1332 988 Nicandro
1375 948 1639 1001 Colophonio,

168 1024 312 1072 poetae
345 1019 483 1071 epico,
532 1031 613 1058 non
644 1017 833 1069 ambigue
877 1017 1029 1057 tribuit.
1092 1016 1231 1070 Neque
1275 1031 1370 1059 vero
1412 1019 1639 1064 defuerunt,

169 1090 238 1143 qui
278 1088 524 1129 Nicandrum
557 1087 847 1140 Thyatirenum
887 1100 908 1127 a
942 1086 1191 1140 Colophonio
1238 1101 1320 1127 non
1362 1088 1525 1128 differre
1558 1094 1640 1129 sta-

166 1166 346 1207 tuerent,
382 1165 425 1199 ut
452 1158 665 1198 Fabricius
696 1158 800 1197 Bibl.
835 1158 902 1197 Gr.
936 1158 979 1197 V.
1012 1170 1051 1209 p.
1085 1156 1183 1197 345.
1214 1157 1349 1205 HarL,
1383 1171 1404 1197 a
1437 1157 1639 1209 Stephano

166 1228 356 1281 Byzantio
385 1228 593 1281 profectus
623 1239 659 1266 v.
700 1223 953 1281 Θυάτειρα,
994 1226 1062 1266 ubi
1095 1226 1195 1267 haec
1226 1226 1438 1279 leguntur:
1469 1222 1520 1266 τὸ
1556 1222 1639 1267 ἑθ-

165 1294 290 1339 νικὸν
311 1291 630 1352 Θυατειρηνός·
650 1288 728 1352 ἀφ’
743 1283 798 1336 οὗ
818 1291 895 1336 καὶ
908 1290 1165 1352 Νίκανδρος
1184 1292 1495 1352 γραμματικὸς
1517 1292 1640 1337 Θυα-

164 1362 369 1424 τειρηνὸς
399 1359 430 1421 ἢ
460 1359 776 1421 Κολοφώνιος.
849 1365 929 1406 Sed
968 1371 1171 1418 postrema
1202 1365 1346 1414 verba,
1393 1371 1435 1406 ut
1463 1365 1641 1418 imperiti

167 1439 254 1478 sive
283 1437 441 1477 scribae
471 1437 558 1476 sive
581 1435 857 1487 epitomatoris
879 1435 1210 1484 additamentum,
1242 1443 1464 1487 praeeunte
1488 1435 1639 1476 Meiero

168 1507 322 1548 Comm.
354 1504 553 1546 Andocid.
586 1503 651 1552 VI,
697 1503 721 1543 3
754 1517 793 1557 p.
828 1503 855 1543 8
886 1516 926 1544 n.
961 1502 1068 1552 135,
1102 1505 1217 1545 uncis
1246 1504 1472 1545 Meinekius
1504 1505 1638 1546 seclu-

166 1577 233 1618 sit.
304 1574 385 1616 Nec
418 1574 506 1615 leve
540 1573 761 1614 discrimen
792 1573 901 1614 inter
933 1579 1147 1627 utrumque
1180 1575 1481 1626 grammaticum
1514 1576 1639 1617 inter-

168 1659 260 1688 esse
289 1645 485 1687 Athenaei
519 1644 761 1697 quibusdam
793 1644 895 1684 locis
925 1645 1144 1696 probatur,
1175 1645 1324 1698 quibus
1355 1646 1539 1687 eiusdem
1567 1660 1637 1687 vo-

167 1717 302 1758 cabuli
332 1716 516 1757 diversas
549 1715 764 1769 utriusque
795 1713 986 1768 proponit
1018 1714 1323 1768 explicationes.

307 1797 363 1837 De
393 1797 482 1849 ipso
515 1796 741 1848 glossarum
782 1796 916 1836 studio
945 1797 1051 1848 apud
1083 1798 1367 1848 grammaticos
1397 1798 1636 1839 Alexandri-

166 1880 242 1908 nos
282 1872 375 1918 post
405 1864 590 1913 Lehrsii,
636 1862 830 1917 Meieri¹)
874 1870 913 1905 et
950 1865 1100 1905 Osanni
1140 1877 1313 1918 nuperas
1344 1866 1637 1919 disputationes

166 1936 396 1977 accuratius
448 1947 671 1987 exponere,
722 1947 854 1988 neque
901 1934 1023 1976 huius
1075 1935 1153 1976 loci
1204 1949 1336 1990 neque
1385 1950 1517 1977 meum
1561 1944 1635 1978 est.

164 2007 298 2047 Unum
318 2011 475 2047 tantum
505 2017 672 2045 monere
691 2005 811 2046 libet:
847 2005 1231 2058 glossographorum
1261 2007 1425 2048 nomine
1452 2020 1544 2048 cum
1566 2021 1636 2048 eos

165 2076 448 2128 grammaticos
490 2075 805 2128 comprehensos
847 2075 974 2116 fuisse
1005 2075 1230 2117 verisimile
1272 2077 1348 2126 sit,
1391 2090 1562 2131 quorum
1595 2078 1636 2118 in

164 2145 481 2199 interpretandis
513 2145 724 2186 vocabulis
749 2145 966 2186 auctoritas
996 2152 1089 2198 post
1120 2147 1367 2188 accuratiora
1399 2148 1636 2201 Aristopha—

165 2217 231 2256 nis
264 2215 568 2268 Aristarchique
603 2214 736 2255 studia
767 2226 1009 2255 evanescere
1043 2215 1200 2268 coepit,
1244 2215 1297 2256 ita
1325 2221 1369 2256 ut
1399 2228 1492 2256 raro
1525 2217 1636 2257 etin

167 2285 417 2327 difficillimis
449 2284 756 2339 quaestionibus
789 2284 1024 2333 citarentur,
1056 2297 1130 2325 nec
1158 2286 1244 2326 fere
1276 2285 1527 2335 nominatim,
1556 2286 1634 2327 nisi

167 2356 246 2409 ipsi
278 2356 320 2396 in
352 2355 532 2396 diversas
564 2354 745 2395 abissent
773 2359 931 2406 partes,
966 2354 1107 2395 eadem
1137 2367 1227 2395 sors
1260 2355 1379 2395 etiam
1411 2356 1461 2395 ad
1488 2355 1635 2396 Nican-

168 2426 284 2467 drum
324 2426 532 2479 pertinuit.
605 2425 692 2466 Huc
733 2425 829 2466 facit
868 2424 1069 2477 imprimis
1110 2425 1244 2466 Schol.
1287 2425 1330 2466 in
1376 2425 1421 2466 ll.
1454 2427 1499 2466 A.
1533 2423 1633 2467 329.

167 2497 237 2537 ubi
268 2502 353 2536 tres
382 2496 566 2537 vocabuli
607 2491 790 2547 μάσταξ
827 2500 1112 2548 proponuntur
1140 2495 1518 2547 interpretationes,
1548 2495 1635 2547 pri-

166 2580 232 2608 ma
258 2566 422 2620 quidem
448 2566 686 2619 simplicior,
720 2571 765 2605 ut
788 2564 841 2606 sit
871 2556 899 2619 ἦ
931 2561 1224 2620 μεμασημένη
1256 2558 1422 2620 τροφή,
1456 2563 1634 2606 secunda

166 2637 385 2686 Nicandri,
425 2631 637 2688 μάστακα
677 2632 757 2691 τὴν
796 2627 962 2691 ἀκρίδα
998 2634 1324 2687 interpretantis,
1380 2634 1493 2675 tertia
1539 2645 1634 2674 vero

281 2799 320 2843 l)
351 2797 427 2836 Qui
454 2796 598 2831 Comm.
625 2795 807 2831 Andocid.
835 2806 930 2830 unus
955 2806 1076 2841 paene
1115 2795 1296 2830 Nicandri
1328 2797 1465 2841 poetae
1490 2796 1635 2840 glossas

166 2856 384 2894 vindicavit.

1804 525 1811 595 Qnmr
1807 503 1811 519 Α,
1800 488 1809 494 ,·
1809 464 1811 469 .

1808 925 1811 929 Α
1800 862 1811 922 ωζα,;
1802 739 1811 859 ΜιμψμΑκΆ
1806 714 1811 735 a„
