1811 3132
929 107 988 153 28

391 222 539 282 Τείχεά
566 239 609 267 τε
637 220 906 279 προλιπόντες
933 223 1036 280 ὑπὲρ
1061 222 1351 281 Παμβωνίδας
1381 221 1521 281 ὄχθας

391 290 610 348 ἐσσυμένοι
639 293 872 348 Μεγαρῆος
904 290 1205 340 ἓνευνάσσαντο
1233 288 1413 346 δόμοισι.

223 362 299 403 Ubi
330 365 561 418 Μεγαρῆος
599 377 672 417 pro
712 363 870 416 vulgato
903 365 1129 419 Μεγαρῆες
1169 363 1313 404 obtulit
1349 363 1437 404 cod.
1469 363 1592 405 Vatic.
1624 364 1692 417 qui

223 438 350 474 totum
378 446 541 475 versum
574 434 635 475 sic
667 433 848 474 exhibet:
877 435 964 476 ἕσσ.
996 435 1200 489 μεγαρῆος
1229 429 1492 477 ἐνενεύσαντο
1518 432 1692 487 δέσμιοι.

364 503 554 545 Ceterum
592 504 879 545 obversabatur
917 504 994 545 hoc
1025 516 1186 545 carmen
1220 504 1433 545 Plutarcho
1463 503 1513 545 de
1541 505 1690 546 Herod.

224 573 358 626 malig.
395 574 442 615 T.
473 574 534 615 lv.
565 588 603 627 p.
634 573 720 616 482
754 575 977 628 Wyttenb„
1021 573 1116 616 οὔτε
1155 570 1415 628 Λεοντιάδης
1454 576 1498 617 ἐν
1533 576 1704 630 Θερμο-·

221 640 375 693 πύλαις
403 635 455 701 ἦν
503 641 763 700 στρατηγὸς,
804 641 911 686 ἀλλὰ
938 639 1246 696 ’Λνάξανδρος,
1293 641 1347 694 ὡς
1380 639 1697 698 Ἀριστοφάνης

222 713 268 755 ἐκ
298 715 381 755 τῶν
409 711 516 757 κατὰ
549 711 752 770 ἄρχοντας
782 709 1090 768 ὑπομνημάτων
1121 710 1329 770 ἱστόρησε,
1362 713 1432 756 καὶ
1460 710 1695 767 Νίκανδρος

227 779 252 822 ὁ
296 779 590 834 Κολοφώνιος.
661 784 868 824 Laudatur
907 797 1030 836 porro
1061 783 1260 825 Nicander
1300 785 1343 826 ἐν
1386 784 1612 839 Θηριακοῖς
1650 782 1691 823 in

225 850 357 905 Etym.
386 851 438 893 M.
470 864 508 905 p.
541 851 623 902 27,
669 852 748 893 51:
793 849 1039 909 Αγιοφάγος
1077 851 1101 895 ὁ
1132 848 1258 903 Ζεὺς,
1305 849 1361 901 ὥς
1389 847 1503 906 παρὰ
1535 848 1695 893 Νικάν-

228 917 313 975 δρῳ
340 921 384 962 ἓν
411 923 652 975 Θηριακοῖς.
715 922 831 972 Quod
865 935 955 963 cum
988 923 1031 962 in
1063 922 1214 962 nostris
1236 922 1527 963 Theriacorum
1557 933 1694 961 exem-

227 990 307 1042 plis
346 991 495 1031 frustra
544 997 780 1044 quaeratur,
820 991 994 1032 Meinek.
1034 991 1228 1032 Exercitt.
1266 992 1412 1032 Athen.
1451 990 1478 1030 Ι.
1510 1003 1547 1043 p.
1580 989 1621 1030 8.
1653 990 1695 1031 ἐν

235 1063 467 1116 Θηβαϊκοΐς
491 1063 686 1114 reposuit.
747 1064 979 1104 Assentirer
994 1063 1100 1103 haud
1113 1063 1285 1113 invitus,
1307 1063 1387 1103 nisi
1411 1062 1572 1115 saepius
1588 1061 1694 1102 haud

227 1130 345 1181 pauci
379 1130 671 1171 Theriacorum
714 1145 859 1172 versus
900 1133 1139 1180 citarentur,
1184 1132 1250 1185 qui
1295 1132 1446 1172 nostris
1484 1131 1695 1171 Theriacis

228 1205 297 1239 aut
316 1200 463 1241 desunt
494 1206 563 1241 aut
592 1201 710 1242 aliter
729 1202 890 1242 insunt:
925 1214 1027 1255 quae
1052 1201 1086 1242 si
1106 1214 1197 1242 cum
1217 1201 1326 1241 varia
1346 1200 1498 1241 codicis
1518 1199 1693 1240 Parisini

231 1269 431 1321 scriptura
472 1272 796 1320 contenduntur,
839 1284 941 1326 quae
981 1277 1064 1312 toto
1097 1271 1210 1313 coelo
1238 1282 1524 1325 nonnunquam
1555 1282 1577 1310 a
1606 1269 1695 1310 vul-

230 1343 318 1390 gata
356 1339 609 1393 reliquorum
650 1341 837 1382 codicum
881 1342 1110 1394 discrepat,
1157 1341 1337 1394 suspicio
1381 1339 1588 1382 suboritur
1620 1339 1694 1379 du-

228 1406 376 1459 plicem
417 1407 707 1449 Theriacorum
745 1409 1026 1450 recensionem
1057 1408 1265 1449 extitisse.
1337 1409 1416 1449 Sed
1457 1408 1506 1449 de
1547 1407 1612 1448 his
1653 1407 1694 1446 in

230 1477 410 1518 secunda
440 1478 791 1519 commentationis
820 1479 1016 1532 particula
1048 1478 1206 1520 dicetur
1235 1477 1477 1520 accuratius.
1565 1470 1567 1472 ’

793 1592 997 1650 Caput
1031 1592 1144 1638 IX.

372 1686 636 1739 Amplissimo
675 1688 876 1737 carmine,
928 1688 1035 1742 quod
1074 1688 1362 1740 Europiam
1391 1686 1594 1729 Nicander
1631 1688 1696 1728 in-

230 1754 421 1808 scripsit,
474 1756 668 1798 Cadmeas
719 1771 879 1811 quoqne
920 1757 1073 1798 fabulas
1123 1757 1483 1810 comprehendisse
1523 1756 1694 1806 videtur,

231 1824 367 1865 iuncta
396 1826 608 1877 regionum
635 1827 795 1867 illarum
827 1827 1116 1879 descriptione,
1149 1839 1248 1880 quas
1267 1826 1440 1867 Cadmus
1471 1826 1514 1865 in
1543 1826 1694 1866 errori-

229 1892 307 1932 bus
347 1894 530 1945 attigisse
562 1894 777 1935 ferebatur.
855 1895 928 1934 Vix
959 1895 1066 1934 enim
1098 1894 1344 1934 crediderim
1375 1893 1481 1934 solas
1512 1893 1697 1945 Europae

231 1962 387 2003 fabulas
430 1963 610 2017 quinque
648 1963 767 2004 libris
795 1964 1006 2005 materiam
1034 1964 1232 2017 praebere
1264 1963 1468 2016 potuisse,
1505 1975 1695 2015 praeser-

232 2032 303 2072 tim
336 2045 427 2073 cum
458 2046 525 2074 res
559 2033 770 2074 Thebanas
805 2039 845 2074 et
874 2034 1112 2082 Boeoticas,
1147 2046 1245 2086 quas
1274 2032 1343 2072 alii
1374 2031 1460 2072 suis
1491 2031 1532 2071 in
1564 2031 1691 2071 Euro-

232 2101 312 2154 piis
334 2107 601 2143 tractaverant
625 2104 681 2153 (v.
702 2102 829 2155 Heyn.
857 2103 898 2142 in
918 2102 1100 2155 Apollod.
1120 2115 1160 2154 p.
1183 2100 1303 2154 524),
1335 2099 1531 2154 peculiari
1559 2112 1696 2140 serva-

231 2171 286 2211 rit
317 2171 497 2211 carmini.
530 2194 585 2200 —
618 2172 849 2213 Secundum
887 2184 981 2213 vero
1001 2172 1201 2224 Europiae
1232 2171 1379 2211 librum
1411 2169 1542 2210 attulit
1560 2169 1694 2212 Schol.

230 2241 359 2294 Apoll.
391 2241 519 2283 Rhod.
548 2241 624 2292 lv,
656 2240 736 2283 57:
768 2241 858 2297 περὶ
891 2240 937 2285 δὲ
967 2244 1043 2285 τοῦ
1070 2244 1143 2299 τῆς
1173 2238 1356 2297 Σελήνης
1387 2242 1539 2295 ἔρωτος
1568 2243 1696 2284 Σαπ-

231 2309 294 2364 φώ
328 2312 398 2355 καὶ
429 2310 660 2368 Νίκανδρος
695 2314 740 2354 ἐν
777 2315 809 2369 β
849 2310 1020 2368 ἆρώπης
1053 2311 1177 2363 (sicl)
1211 2313 1435 2366 ἱστοροῦσι.
1492 2310 1595 2363 φασὶ
1618 2309 1697 2366 γάρ

231 2383 514 2437 κατέρχεσθαι
556 2380 629 2437 τὴν
657 2380 842 2438 Σελήνην
879 2379 987 2438 πρὸς
1012 2379 1272 2436 Ἐνδυμίωνα
1303 2377 1576 2424 καθεύδοντα
1617 2378 1694 2423 αὖ-

231 2448 305 2493 τὸν
335 2453 378 2492 ὲν
408 2453 466 2506 τῷ
492 2446 654 2505 Λάτμῳ
685 2448 782 2503 ὄρει.
851 2452 936 2492 Nisi
969 2453 1073 2493 forte
1103 2457 1291 2505 corrupta
1320 2451 1421 2491 haec
1453 2455 1546 2491 sunt
1578 2455 1617 2490 et
1645 2450 1693 2490 ad

232 2519 343 2560 idem
371 2520 645 2562 Aetolicorum
678 2522 949 2573 fragmentum
982 2522 1200 2575 pertinent,
1235 2521 1286 2561 de
1314 2533 1392 2573 quo
1423 2533 1460 2572 p.
1481 2519 1539 2560 24
1568 2520 1663 2562 dixi.

373 2590 555 2631 Tertium
594 2592 797 2644 Europiae
834 2592 982 2632 librum
1029 2592 1124 2632 citat
1149 2591 1290 2632 Athen.
1322 2590 1401 2631 vll.
1432 2589 1516 2630 296
1549 2592 1568 2630 s
1620 2594 1696 2632 Νί-

231 2659 408 2715 κανδρος
439 2657 477 2701 δ’
507 2661 551 2702 ἐν
579 2665 701 2718 τρίτῳ
734 2660 973 2715 Εὗρωπείας
1012 2663 1084 2711 (cf.
1117 2662 1161 2703 L.
1192 2662 1369 2702 Dindors
1393 2661 1433 2701 in
1467 2661 1586 2701 Thes.
1619 2662 1694 2702 Pa-

230 2731 300 2772 ris,
322 2743 360 2783 p.
386 2728 518 2781 3438)
545 2731 711 2784 Νηρέως
741 2726 946 2784 ἐρώμενον
976 2726 1049 2773 τὸν
1072 2729 1266 2774 Γλαῦκον
1297 2733 1454 2784 ἱστορεῖ
1478 2732 1693 2781 γενέσθαι.

368 2799 400 2841 Ε
432 2798 573 2854 quinto
603 2798 732 2847 libro,
761 2799 823 2840 vel
849 2805 892 2841 ut
919 2798 1103 2840 nonnulli
1132 2799 1249 2840 codd.
1279 2799 1426 2840 hahent
1452 2811 1583 2849 nono,
1613 2799 1694 2840 sra-
