1811 3132
804 157 863 203 25

110 296 201 328 sura
232 286 324 335 post
356 284 542 332 quartum
575 276 797 330 dactylum,
830 289 948 330 quam
977 277 1109 330 legem
1142 278 1344 323 Nicander
1374 284 1566 327 observa-

109 357 165 398 vit
195 350 470 396 severissime.
516 349 654 403 Itaque
684 347 805 388 Ther.
836 347 918 389 119
950 355 1163 402 corruptus
1196 358 1280 401 est,
1322 354 1500 409 itemque
1526 371 1562 398 v.

111 424 217 474 920,
263 421 328 463 cui
356 420 535 461 nondum
564 417 761 460 satisfecit
788 418 1019 460 Gerhardus
1047 420 1155 462 lectt.
1183 422 1430 478 Apollon.,p.
1467 427 1562 477 152,

110 497 135 538 l.
178 487 268 548 ὄφρ’
311 488 452 534 ὀλοοῖο
493 484 595 543 δύην
623 486 752 544 θηρὸς
781 487 847 533 καὶ
878 486 1034 543 πότμον
1063 487 1224 555 ἀλύξῃς.
1296 495 1396 536 Cum
1427 504 1565 539 nostra

112 561 391 606 observatione
430 564 583 613 pugnat
621 564 772 599 tantum
817 559 931 599 locus
963 559 1083 601 Ther.
1111 574 1148 602 v.
1180 562 1265 603 318
1295 566 1338 616 ἐξ
1366 560 1471 611 ὅθεν
1497 572 1567 612 αῖ-

109 630 257 690 μορόοι
287 627 606 679 σκολιοπλανέες
639 645 682 671 τε
710 631 926 683 κερασταί,
957 630 1024 682 qui
1056 631 1239 683 longiore
1270 637 1465 677 vocabulo
1494 652 1566 679 ex-

111 707 295 749 cusatur3
329 699 551 751 eademque
581 698 698 738 venia
731 697 772 737 in
805 697 925 737 Ther.
948 699 1052 738 cadit
1084 698 1167 741 597
1200 708 1239 743 et
1261 704 1405 758 Georg.
1430 707 1479 748 fr.
1500 709 1566 760 XI,

112 773 151 819 3,
194 768 396 822 siquidem
427 768 635 819 probanda
675 772 737 807 est
774 767 952 807 Jacohsii
980 770 1210 811 coniectura
1240 774 1373 815 Addit.
1406 777 1457 816 ad
1486 779 1570 819 An-

110 839 207 880 thol.
235 851 275 891 p.
308 836 415 877 199:
458 832 483 891 ἢ
512 833 612 891 οὐλὴ
644 840 845 888 καπυροῖς
875 833 1147 891 ὁλοθαμνῖτις
1175 839 1428 886 πετάλοισιν.
1488 846 1568 888 Sed

113 916 156 951 ut
185 909 233 949 ad
263 911 518 960 praesentem
545 905 677 946 locum
704 912 906 954 revertar,
945 906 1117 948 fortasse
1148 911 1376 961 proximum
1411 928 1570 971 quoque

111 979 310 1021 scholium
351 977 400 1017 ad
432 975 623 1017 Nicandri
664 988 827 1016 carmen
868 976 1059 1028 respicit:
1123 980 1212 1022 Καὶ
1249 979 1274 1037 ἦ
1316 985 1456 1040 Δῆλος
1497 979 1571 1031 οὖν

113 1046 190 1104 οὐχ
219 1063 274 1096 ως
290 1042 548 1100 μεμύθευται
567 1041 653 1087 ἀπὸ
677 1045 751 1098 τῆς
768 1042 974 1100 Ἀστερίας
992 1047 1343 1103 μεταμορφώσεως
1373 1054 1447 1109 τῆς
1471 1053 1572 1110 Λη-

112 1118 211 1165 τοῦς
241 1112 421 1169 ἀδελφῆς
447 1111 641 1167 Ὀρτυγία
673 1109 929 1166 ὠνομάσθη,
973 1106 1063 1156 ἄλλ’
1098 1112 1180 1156 ἀπὸ
1210 1119 1280 1172 τῆς
1310 1121 1353 1160 ἐν
1385 1121 1574 1179 Αἰτωλίᾳ

110 1181 346 1238 Ὀρτυγίας,
387 1179 456 1235 ἀφ’
500 1174 550 1238 ἧς
588 1180 656 1223 καὶ
682 1182 728 1222 αἱ
763 1179 907 1223 λοιπαὶ
943 1183 1079 1225 πᾶσαι
1110 1181 1438 1244 ὠνομάσθησαν.
1517 1192 1575 1233 De

115 1253 201 1305 ipsa
230 1266 275 1293 re
306 1252 357 1292 cf.
389 1252 514 1304 Heyn.
547 1252 588 1290 in
620 1251 804 1303 Apollod.
836 1250 868 1291 Ι.
902 1251 1034 1300 7,10
1064 1267 1104 1305 p.
1137 1254 1206 1294 46.

251 1332 409 1373 Incerta
442 1331 711 1373 Aetolicorum
762 1332 983 1384 fragmenta
1033 1335 1109 1375 tria
1160 1343 1370 1388 praeterea
1422 1341 1572 1393 inveni,

116 1416 282 1456 quorum
314 1404 489 1455 primum
531 1403 634 1454 apud
665 1403 851 1443 Tzetzam
883 1403 925 1442 in
955 1404 1153 1455 Lycophr.
1189 1405 1285 1447 799.
1314 1415 1439 1450 extat:
1469 1409 1576 1465 Ἀρι-

115 1470 311 1529 στοτέλης
341 1471 463 1528 φησὶν
493 1473 537 1515 ὲν
565 1468 814 1528 Ἰθακησίων
839 1470 1027 1530 πολιτείᾳ
1042 1471 1285 1529 Εὐρυτᾶνας
1307 1478 1440 1530 ἔθνος
1469 1478 1580 1525 εἶναι

115 1546 186 1597 τῆς
216 1543 442 1593 Αἰτωλίας,
483 1542 727 1596 ὀνομασθὲν
758 1540 841 1585 ἀπὸ
873 1539 1065 1597 Εὐρύτου
1076 1575 1088 1594 ,
1125 1552 1223 1601 παρ’
1249 1545 1309 1596 οἷς
1338 1546 1446 1591 εἶναι
1475 1567 1580 1603 μαν-

117 1619 223 1655 τεῖον
245 1610 498 1662 Ὀδυσσέως·
530 1611 578 1656 τὸ
608 1610 643 1654 δ’
677 1609 782 1656 αὗτό
814 1611 884 1655 καὶ
903 1610 1139 1668 Νίκανδρός
1168 1631 1294 1671 φησιν
1324 1619 1367 1660 ἐν
1398 1618 1580 1662 Αἰτωλι-

117 1691 216 1732 κοῖς.
285 1684 343 1725 De
381 1684 509 1725 Ulixis
540 1684 667 1724 sacris
699 1684 741 1723 in
773 1683 864 1724 aliis
895 1683 1083 1724 Graeciae
1117 1691 1156 1725 et
1187 1686 1378 1729 Graeciae
1410 1702 1580 1742 magnae

117 1752 284 1794 urbibus
312 1753 430 1794 adeas
459 1753 649 1794 Klausen.
682 1754 782 1794 Aen.
816 1758 855 1793 et
884 1753 1022 1794 Penat.
1050 1754 1095 1795 11.
1126 1768 1165 1807 p.
1203 1755 1512 1800 1129-1154
1541 1767 1581 1801 et

118 1822 263 1863 Lauer.
295 1823 390 1864 hist.
421 1836 536 1875 poes.
568 1823 731 1863 Homer.
761 1835 802 1874 p.
833 1820 933 1863 247.
961 1821 1059 1863 599.

259 1903 491 1945 Secundum
529 1903 677 1944 habent
719 1902 852 1943 Schol.
881 1903 927 1943 Il.
959 1903 1005 1944 E.
1039 1902 1139 1944 843.
1207 1902 1398 1962 Ὀχήσιος
1432 1909 1584 1958 Οἰνέως

120 1972 232 2026 υἱὸς,
262 1968 318 2024 ὥς
346 1990 448 2029 φησι
480 1972 715 2029 Νίκανδρος
744 1975 789 2016 ἐν
818 1974 1077 2025 Λίτωλικοῖς.

260 2056 443 2097 Tertium
478 2056 668 2109 denique,
700 2055 808 2108 quod
839 2055 887 2095 ad
909 2055 1086 2096 Aetolica
1119 2055 1378 2096 referendum
1412 2070 1503 2097 esse
1533 2057 1584 2097 li·-

123 2131 228 2177 quet,
258 2126 393 2166 Schol.
426 2127 546 2166 Ther.
574 2124 674 2166 215.
706 2125 925 2178 praebent:
952 2123 1151 2167 Ῥυπαῖον
1182 2123 1227 2167 δὲ
1253 2123 1484 2177 Ἀντίγονος
1508 2125 1585 2179 μὲν

123 2195 194 2251 τῆς
220 2191 410 2250 Ἀχαῗῦος
438 2193 562 2248 φησὶν
592 2192 714 2244 εἶναι,
745 2193 833 2235 ἐπεὶ
860 2191 1052 2235 Ῥυπαῖοι
1083 2196 1125 2235 οἱ
1151 2191 1306 2250 Ἀχαιοὶ
1336 2190 1584 2250 ὠνομάσθη-

122 2274 220 2304 σαν·
254 2263 340 2306 {ott
371 2261 418 2306 δὲ
447 2265 518 2319 τῆς
544 2262 766 2313 Αἰτωλίας,
796 2261 852 2312 ὥς
883 2260 1129 2318 Νίκανδρος,
1158 2267 1248 2318 περί
1271 2281 1392 2306 τινων
1418 2266 1475 2313 εἰς
1506 2268 1583 2306 Αἱ-

122 2331 271 2375 τωλίαν
301 2333 527 2391 ἐρχομένων
559 2326 849 2389 διηγούμενος·

576 2410 627 2455 δι’
663 2411 855 2469 αἰπεινήν
885 2430 928 2455 τε
957 2411 1139 2468 κολώνην

243 2494 404 2537 Οἰωνοῦ
427 2492 573 2550 Ῥυπῆς
597 2510 640 2536 τε
667 2491 801 2546 πάγον
830 2495 900 2538 καὶ
925 2491 1110 2537 Ὃνθίδα
1137 2492 1284 2549 λίμνην

239 2565 462 2618 στείχοντες
495 2560 749 2606 Ναύπακτον
778 2564 817 2612 ἐς
844 2559 1118 2617 ’Λμφιδύμην
1148 2579 1190 2604 τε
1220 2564 1414 2614 πέλαζον.

126 2637 168 2678 ln
214 2641 359 2694 quibus
414 2643 707 2684 constituendis
748 2642 992 2683 novissimos
1035 2641 1354 2684 Nicandreorum
1408 2642 1583 2683 editores

128 2717 286 2753 secutus
317 2726 420 2754 sum.
