1811 3132
784 123 839 170 19

205 250 390 299 Eundem
423 249 514 291 sine
543 247 669 292 dubio
699 246 849 288 librum
866 245 1112 288 Parthenius
1142 245 1248 287 inter
1278 246 1411 288 fontes
1445 258 1540 287 nar-

70 325 236 373 rationis
277 324 441 376 quartae
480 318 530 360 de
571 319 738 360 Oenone
782 317 941 370 posuit,
983 316 1048 357 cui
1090 316 1412 370 superscriptum
1454 323 1537 358 est:

73 400 228 450 ἱστορεῖ
255 386 501 443 Νίκανδρος,
519 390 561 431 ἒν
590 390 648 442 τῷ
677 386 767 441 περὶ
794 387 985 443 ποιητῶν
1015 387 1084 429 καὶ
1100 384 1305 443 Κεφάλων
1336 385 1359 428 ὃ
1393 389 1436 427 Γ
1430 390 1537 443 epyl-

71 469 171 513 θιος
198 463 241 504 ἐν
275 462 487 511 Τρωικοῖς.
549 458 836 509 Fragmentum
867 457 1050 498 indidem
1082 458 1202 499 nobis
1232 456 1407 498 servavit
1436 456 1538 499 Par-

73 534 176 576 then.
210 543 244 572 c.
278 526 356 577 34,
400 526 443 568 in
483 539 562 581 quo
593 525 796 567 Nicander
838 525 1054 578 Corythum
1092 538 1173 567 non
1213 538 1287 579 pro
1327 525 1533 573 Oenonae,

73 602 178 644 sicut
192 595 424 640 Hellanicus
445 595 485 635 in
514 594 675 636 Troicis
707 598 745 635 et
764 592 941 646 Cephalo
963 594 1209 647 Gergithius‚
1241 593 1314 634 sed
1344 605 1418 646 pro
1441 592 1537 637 Ale-

71 666 210 711 xandri
243 671 283 706 et
308 663 484 707 Helenae
511 662 594 703 filio
624 662 819 703 hahuisse
848 662 1031 703 traditur.
1094 663 1178 703 Hoc
1203 662 1311 702 enim
1331 663 1537 716 fragmen-

73 744 157 780 tum
195 734 245 776 ad
289 733 438 774 librum
470 732 522 774 de
553 732 708 786 poetis,
740 744 822 773 non
850 744 947 773 vero
981 731 1029 773 ad
1062 732 1409 785 metamorphoses
1440 745 1536 786 per-

74 808 221 856 tinere,
253 804 303 846 ad
336 816 435 857 quas
465 803 569 844 falso
592 802 839 844 rettulerunt
869 802 1141 844 Schneiderus
1175 808 1214 845 et
1246 802 1470 852 Lehrsius‚
1511 816 1534 843 e

74 879 201 932 capite
241 876 283 918 4.
322 875 581 916 manifestum
621 880 695 916 est.
768 873 899 915 Verba
940 873 1148 915 Parthenii
1189 873 1291 914 haec
1331 878 1426 914 sunt
1464 872 1533 924 (fr.

73 949 159 991 XXI
195 945 355 998 Schn.):
412 942 645 998 Νίκανδρος
692 946 832 998 μέντοι
869 941 943 986 τὸν
985 941 1191 997 Κόρυθον
1228 941 1303 985 οὐκ
1339 938 1537 999 Οἰνώνης,

73 1014 181 1061 ἀλλὰ
217 1013 380 1069 Ἑλένης
418 1013 490 1056 καὶ
512 1010 798 1070 Ἀλεξάνδρου
828 1014 930 1069 φησὶ
969 1014 1186 1066 γενέσθαι,
1217 1012 1344 1068 λέγων
1370 1014 1413 1055 ἐν
1442 1008 1536 1054 τού-

72 1095 176 1135 τοις·
215 1082 311 1139 ἠρία
342 1081 374 1125 τ’
407 1084 468 1125 εἶν
502 1080 662 1126 Ἀίδαο
694 1085 987 1139 κατοιχομένου
1019 1079 1255 1137 Κορύθοιο,

209 1147 302 1195 ὅντε
331 1150 401 1194 καὶ
431 1150 706 1207 ἆρπακτοῖσιν
734 1150 1020 1209 ὑποδμηθεῖσ’
1049 1151 1257 1206 ὑμεναίοις

210 1219 415 1277 Τυνδαρὶς
444 1220 525 1266 αἴν’
557 1221 738 1281 ἀχέουσα
768 1220 896 1267 κακὸν
925 1218 1051 1280 γόνον
1081 1220 1213 1280 ἤρατο
1242 1219 1413 1279 βοῦτεω.

208 1292 327 1333 Aliud
358 1305 454 1333 vero
486 1293 672 1334 eiusdem
704 1293 896 1334 carminis
921 1294 1191 1345 fragmentum
1206 1292 1319 1333 Vitae
1349 1292 1436 1333 sive
1456 1292 1536 1334 Ge-

73 1363 160 1405 neri
192 1361 405 1413 Nicandri,
442 1363 548 1418 quod
588 1363 706 1405 initio
740 1362 1031 1406 Theriacorum
1061 1362 1355 1417 praemittitur,
1396 1361 1536 1406 inesse

71 1433 218 1474 dudum
258 1433 356 1474 mihi
397 1435 594 1486 persuasi.
655 1434 840 1474 Priorem
873 1435 961 1476 eius
991 1439 1147 1487 partem
1179 1434 1376 1486 integram
1407 1445 1532 1486 appo-

72 1515 169 1544 nere
193 1501 315 1543 libet:
345 1499 580 1556 Νίκανδρον
596 1499 672 1544 τὸν
701 1499 879 1559 ποιητὴν
900 1499 1126 1551 Διονύσιος
1158 1499 1180 1542 ὁ
1216 1498 1460 1557 Φασηλίτης
1490 1500 1535 1543 ἐν

71 1573 125 1628 τῷ
153 1573 248 1626 περὶ
277 1573 351 1627 τῆς
380 1568 640 1629 Ἀντιμάχου
671 1569 872 1627 ποιήσεως
903 1568 1096 1615 Αἰτωλὸν
1126 1570 1235 1614 εἶναι’
1257 1587 1360 1625 φησι
1391 1568 1437 1613 τὸ
1468 1572 1536 1622 γε’·-

69 1658 158 1691 νος,
199 1642 243 1683 ἐν
268 1638 313 1682 δὲ
342 1642 399 1694 τῷ
427 1640 520 1694 περὶ
551 1641 734 1695 ποιητῶν
772 1642 886 1695 ἱερέα
915 1638 1040 1695 φησὶν
1072 1635 1201 1681 αὐτὸν
1231 1640 1310 1680 τοῦ
1342 1635 1536 1692 Κλαρίου

65 1708 359 1760 Ἀπόλλωνος,
405 1710 450 1751 ἐκ
485 1707 701 1763 προγόνων
733 1704 950 1762 δεξάμενον
980 1706 1053 1764 τὴν
1082 1704 1324 1763 ἱερωσύνην·
1357 1705 1428 1750 καὶ
1459 1704 1536 1750 αὗ-

69 1776 137 1828 τός
167 1776 213 1820 δὲ
244 1777 347 1830 ὑπὲρ
379 1779 529 1820 ἑαυτοῦ
559 1779 601 1819 ἐν
629 1779 686 1831 τῷ
717 1778 823 1820 τέλει
854 1779 926 1832 τῆς
955 1777 1108 1833 βίβλου
1139 1777 1272 1830 (Ther
1303 1774 1425 1829 958.)
1454 1792 1535 1831 φη-

72 1849 156 1889 σίν·
297 1844 370 1889 τὸν
401 1848 564 1901 ἔθρεψε
595 1842 774 1899 Κλάρον
805 1842 1004 1899 νιφόεσσα
1034 1844 1222 1902 πολίχνη.

75 1911 244 1970 Κλάρος
275 1915 321 1959 δὲ
351 1914 478 1965 τόπος
502 1917 614 1958 ἐστὶν
638 1907 910 1966 Ἀπόλλωνος
940 1912 1058 1970 ἱερός·
1099 1914 1191 1957 υἱὸν
1224 1912 1273 1956 δέ
1303 1930 1428 1969 φησιν
1458 1912 1534 1956 αὗ-

71 1985 140 2029 τόν
175 1989 392 2040 Δαμαίου,
438 1980 549 2029 οὕτω
588 1986 742 2038 λέγων·
775 1982 959 2042 αἰνήσεις
996 1986 1082 2029 κτλ.
1144 1986 1286 2028 Insunt
1316 1992 1448 2027 autem
1469 1985 1534 2026 his

72 2054 201 2096 verbis
243 2055 350 2096 haud
381 2068 529 2109 pauca,
576 2055 722 2109 quibus
752 2056 841 2096 iure
873 2055 1020 2109 aliquis
1052 2056 1289 2096 offendatur.
1351 2055 1533 2096 Primum

73 2123 178 2163 enim
208 2124 382 2164 notanda
416 2130 509 2165 sunt
531 2124 652 2165 verba
683 2123 751 2166 καὶ
783 2118 912 2173 αὐτὸς
939 2121 985 2166 δὲ
1010 2122 1112 2179 ὑπὲρ
1145 2123 1274 2167 αὑτοῦ
1306 2125 1408 2174 1·ell.,
1442 2125 1533 2178 qui-

73 2190 145 2231 bus
186 2191 383 2233 Theriaca
422 2192 475 2232 ita
508 2192 757 2244 allegantur,
801 2192 915 2246 quasi
947 2193 1101 2234 nullum
1135 2199 1343 2246 praeterea
1372 2207 1534 2236 carmen

71 2259 267 2302 Nicander
309 2262 617 2315 composuisset.
680 2262 913 2316 Sequuntur
954 2263 1021 2303 alii
1054 2276 1198 2304 versus
1231 2263 1428 2312 eiusdem,
1462 2263 1533 2304 sed

73 2329 178 2369 unde
206 2330 321 2382 petiti
352 2330 446 2379 sint,
480 2331 629 2372 frustra
673 2331 1039 2384 circumspicimus.
1102 2332 1257 2373 Deinde
1288 2332 1532 2374 Nicandrum

74 2397 288 2450 scripsisse
331 2399 479 2439 librum
522 2398 613 2453 περὶ
653 2401 733 2441 τῶν
772 2400 816 2441 ἐκ
847 2399 1109 2454 Κολοφῶνος
1149 2402 1334 2457 ποιητῶν
1364 2401 1533 2452 scimus,

74 2468 150 2509 iam
189 2469 405 2511 Parthenio
447 2469 688 2523 simpliciter
725 2468 815 2524 περὶ
854 2471 1036 2525 ποιητῶν
1073 2476 1279 2520 vocatum,
1318 2484 1399 2512 non
1438 2485 1533 2514 vero

73 2538 308 2593 Dionysium
327 2541 574 2589 Phaseliten,
594 2540 776 2593 ignotum
796 2539 1113 2592 grammaticum,
1135 2553 1253 2592 quem
1285 2553 1390 2582 unus
1414 2554 1533 2594 prae-

75 2613 180 2651 terea
199 2611 333 2653 Schol.
352 2611 472 2653 Pind.
491 2611 605 2665 Pyth.
625 2610 662 2652 ΙΙ
682 2615 981 2659 commemorat,
1015 2610 1130 2651 cuius
1152 2609 1187 2651 si
1220 2623 1395 2665 unquam
1429 2623 1532 2664 opus

76 2680 272 2723 extitisset
301 2683 395 2736 περὶ
425 2683 620 2738 ποιητῶν,
652 2681 783 2736 qualia
811 2680 972 2735 Didymi
1003 2680 1255 2736 aliorumque
1285 2682 1530 2731 ferebantur,

74 2749 158 2792 eius
187 2765 238 2793 ne
266 2753 447 2795 notitiam
479 2754 643 2808 quidem
675 2753 920 2806 perdurasse
951 2751 1133 2793 mirarer.
1194 2752 1244 2791 Et
1267 2752 1339 2792 has
1368 2751 1534 2805 quidem
1574 2752 1576 2754 ’

73 2825 167 2872 puto
207 2823 258 2865 ob
288 2837 431 2868 causas
459 2823 677 2867 Passovius
723 2823 766 2865 in
795 2821 983 2867 Parthen.
1013 2833 1054 2877 p.
1086 2818 1140 2861 52
1171 2819 1396 2863 annotavit:
1438 2820 1535 2871 „Ex
