1811 3132
930 110 985 156 16

352 227 487 270 XXVI.
530 226 664 269 Schol.
716 227 852 268 Venet.
884 227 930 271 ll.
959 227 1000 276 I,
1040 226 1126 269 324
1162 224 1372 284 μάστακ’]
1415 227 1686 289 Νίκανδρος,

213 295 292 355 τὴν
325 292 504 354 ἀκρίδα.
566 298 761 351 Respexit
793 304 925 339 autem
953 290 1163 340 Nicander
1194 300 1283 341 sine
1314 301 1439 342 dubio
1471 301 1685 355 Sophoclis

212 371 348 412 locum
376 371 422 411 fr.
452 367 553 418 462,
585 382 620 410 a.
653 368 722 410 ubi
752 363 990 421 μάστακας
1014 369 1184 411 Photius
1217 364 1407 427 ἀκρίδας
1443 372 1685 425 interpreta—

212 449 276 483 tus
311 447 373 481 est
402 453 442 493 p.
472 438 581 487 248,
629 438 682 478 18
713 444 754 479 et
785 439 896 480 Eust.
927 452 966 492 p.
1003 439 1140 490 1493,
1174 439 1245 483 53.
1306 441 1491 483 Eundem
1525 443 1683 495 signifi-

213 517 346 553 catum
382 509 503 550 habet
541 508 660 549 etiam
691 508 731 548 in
767 508 890 549 Ther.
932 522 966 548 v.
1006 508 1106 550 802.
1170 510 1415 565 Plerumque
1456 525 1552 553 vero
1591 509 1682 564 μά-

212 577 326 631 σταξ
362 580 587 633 explicatur
627 572 800 630 σιόμα,
843 579 948 632 quod
991 580 1141 632 optime
1183 580 1351 634 quadrat
1388 581 1429 622 in
1468 580 1611 634 odyss.
1642 577 1681 630 δ,

208 651 307 693 287.
334 656 400 700 ψ,
443 649 511 691 76.
573 649 710 703 Neque
752 648 794 688 in
835 648 977 691 Iliadis
1018 650 1108 691 loco
1141 650 1377 700 defuerunt,
1411 652 1478 705 qui
1512 650 1680 692 eandem

210 721 546 776 significationem
587 719 833 769 retinerent,
873 720 926 760 ita
967 726 1011 762 ut
1041 725 1218 762 rostrum
1251 726 1369 763 esset.
1402 723 1451 762 cf.
1483 721 1679 774 Spitzue'r.

208 794 257 835 ad
287 793 324 833 h.
356 792 381 832 l.

344 862 499 904 XXVII.
532 862 640 902 Erot.
660 861 791 903 Gloss.
822 861 1011 914 Hippocr.
1043 875 1081 915 p.
1118 862 1213 903 146.
1242 863 1382 915 Steph.
1417 857 1676 917 ἐκθήλυσις]

207 929 381 990 ἔκτηξις
421 929 497 973 καὶ
533 925 751 986 ἶσχνότης.
814 927 1072 987 Νίκανδρος
1113 928 1162 974 δὲ
1196 925 1294 973 ἀντὶ
1333 930 1414 987 τῆς
1444 924 1679 984 ε’κμαλθά·

207 1001 318 1054 ξεως
341 997 481 1057 αὐτὴν
501 999 718 1042 τέθεικεν.
778 1001 877 1042 Item
895 1014 932 1054 p.
954 1000 1059 1042 154:
1087 996 1378 1057 ἐκθήλυνσις·
1411 995 1584 1056 ἕκτηξις
1601 996 1678 1039 καὶ

205 1066 425 1125 ἰσχνασία.
486 1071 620 1112 Hodie
658 1071 763 1123 apud
796 1071 1080 1124 Hippocratem
1109 1072 1207 1113 haec
1239 1072 1324 1113 sola
1355 1073 1484 1113 forma
1515 1070 1675 1123 legitur.

342 1141 516 1182 XXVIII.
546 1140 781 1181 Glossarum
812 1141 945 1182 locum
975 1142 1151 1183 Meierus
1182 1143 1344 1194 agnovit
1384 1142 1425 1183 in
1464 1141 1598 1182 Schol.
1629 1140 1675 1180 11.

203 1214 245 1263 Z,
273 1211 382 1253 506:
423 1205 695 1266 ἀκοστήσας]
738 1202 849 1261 ἄκος
875 1210 955 1266 τῆς
997 1206 1198 1261 στάσεως
1233 1207 1406 1264 λαβὼν,
1446 1207 1685 1254 τουτέστιν.

202 1277 333 1336 ἴαμα,
363 1282 440 1322 καὶ
467 1278 727 1337 κριθιάσας.
758 1276 924 1337 κυρίως
953 1278 1003 1322 δὲ
1035 1276 1083 1322 αἱ
1115 1281 1262 1323 πᾶσαι
1282 1278 1454 1339 τροφαὶ
1486 1274 1676 1322 ἀκοσταὶ

200 1350 467 1403 καλοῦνται,
505 1345 566 1400 ὥς
597 1346 673 1392 καὶ
703 1346 972 1406 Νίκανδρος,
1006 1347 1133 1408 παρὰ
1163 1347 1214 1393 τὸ
1246 1345 1467 1393 ἵστασθαι
1497 1346 1553 1392 τὰ
1584 1344 1671 1391 σώ-

199 1437 326 1476 ματα
355 1417 628 1478 τρεφόμενα.
693 1421 773 1462 Sed
807 1428 1040 1474 corruptum
1073 1434 1163 1462 esse
1195 1422 1272 1463 hoc
1304 1421 1487 1462 scholion
1512 1419 1673 1460 iamdu-

200 1494 296 1534 dum
327 1493 594 1534 Buttmannus
622 1491 759 1532 docuit
836 1491 1097 1544 Lexil.11.p.
1124 1491 1217 1532 173.
1249 1505 1287 1532 n.
1347 1490 1529 1531 Primum
1563 1489 1672 1530 enim

198 1559 333 1620 κυρία
373 1563 662 1604 vocabulorum
705 1562 817 1602 notio
854 1574 1061 1616 nunquam
1102 1575 1150 1602 ex
1190 1561 1370 1602 idioticis
1407 1560 1489 1613 peti
1523 1563 1668 1613 potest.

198 1632 354 1673 Deinde
396 1632 599 1673 Nicander
629 1637 696 1673 aut
728 1645 933 1685 nunquam
967 1637 1034 1672 aut
1065 1632 1275 1673 rarissime
1306 1630 1567 1684 etymologias
1599 1642 1669 1670 ex-

196 1700 381 1742 hibuisse
413 1700 571 1742 videtur
603 1700 644 1741 in
675 1700 846 1742 Glossis.
908 1700 1077 1741 Accedit
1099 1700 1206 1754 quod
1234 1699 1276 1740 in
1300 1699 1470 1752 reliquis
1500 1697 1667 1739 scholiis

198 1777 238 1812 et
268 1771 570 1812 commentariis
608 1771 706 1812 haec
747 1770 871 1812 verba
902 1783 1072 1823 prorsus
1102 1770 1219 1811 aliter
1249 1770 1454 1824 leguntur,
1487 1773 1532 1810 ut
1562 1768 1668 1821 apud

194 1841 330 1882 Eust.:
364 1834 616 1896 ἇκοστῆσαι
637 1837 688 1882 δὲ
709 1836 761 1881 τὸ
785 1831 1131 1896 πολυκριθῆσαι
1156 1833 1272 1881 κατοῖ
1298 1836 1405 1889 τοὺς
1436 1834 1664 1887 παλαιοὺς

196 1903 333 1966 ἤγουν
370 1904 427 1952 τό
458 1909 724 1968 κριθιᾶσαι·
753 1905 946 1952 ἅκοσταὶ
973 1907 1059 1967 γὰρ
1092 1904 1140 1952 αἱ
1171 1905 1346 1966 κριθαὶ,
1380 1902 1496 1965 ὅπερ
1527 1902 1665 1964 φασὶν

195 1975 246 2029 ἐξ
271 1975 473 2036 Ὁμήρου
500 1977 582 2033 μὲν
614 1974 667 2021 οὐ
702 1977 940 2031 δείκνυται,
967 1977 1095 2036 παρὰ
1128 1978 1178 2022 δέ
1199 1994 1248 2035 γε
1267 1974 1510 2034 Νικάνδρῳ
1531 1978 1662 2028 (Alex.

199 2049 302 2103 105)
343 2046 420 2092 καὶ
461 2042 619 2100 ἄλλοις
656 2050 814 2094 κεῖται.
857 2045 902 2092 οἱ
945 2048 994 2094 δὲ
1027 2048 1222 2093 παλαιοί
1252 2062 1370 2107 φασι
1401 2045 1478 2091 καὶ
1510 2045 1666 2098 πάσας

192 2116 275 2169 τὰς
312 2115 491 2176 τροφὰς
530 2116 659 2176 παρὰ
710 2118 962 2170 Θεσσαλοῖς
1009 2114 1206 2169 ἆκοστὰς
1248 2118 1479 2175 λέγεσθαι.
1551 2119 1665 2160 Adde

194 2189 321 2230 schol.
362 2190 498 2231 Venet.
541 2190 581 2231 B.
649 2191 788 2245 Itaque
831 2191 951 2233 verba
994 2186 1122 2248 παρὰ
1170 2188 1423 2240 Θεσσαλοῖς
1464 2215 1519 2224 -
1561 2187 1665 2232 Νίκ.

193 2265 330 2311 utpote
361 2259 526 2300 aliunde
559 2259 717 2300 invecta
750 2261 876 2301 deleri
907 2261 1027 2301 iussit
1049 2262 1328 2301 Buttmannus.
1389 2260 1582 2301 Fortasse
1604 2266 1664 2300 ta-

193 2341 287 2370 men
329 2328 588 2381 transpositis
629 2328 765 2371 verbis
806 2329 860 2370 ita
902 2329 1145 2382 legendum:
1203 2321 1312 2379 ὄίκος
1346 2326 1426 2385 τῆς
1464 2326 1665 2378 στάσεως

189 2394 355 2451 λαβὼν,
397 2396 625 2440 τουτέστιν
663 2392 792 2451 ἴαμα.
831 2394 997 2455 κυρίως
1024 2396 1074 2442 δὲ
1106 2397 1353 2455 κριθιάσας
1386 2391 1448 2448 ὥς
1476 2396 1552 2439 καὶ
1580 2397 1665 2441 Νί-

191 2464 398 2522 κανδρος.
437 2463 515 2509 καὶ
557 2462 607 2509 αἱ
649 2468 801 2511 πᾶσαι
835 2465 1009 2525 τροφαὶ
1040 2462 1231 2511 ἀκοσταὶ
1261 2466 1504 2510 καλοῦνται
1534 2466 1663 2526 παρὰ

197 2534 473 2588 Θεσσαλοῖς,
524 2535 653 2596 παρὰ
703 2534 755 2581 τὸ
797 2534 1020 2581 ἵστασθαι
1067 2536 1123 2581 τὰ
1173 2538 1363 2593 σώματα
1403 2538 1661 2597 τρεφόμενα

190 2604 282 2648 κτλ.
327 2620 566 2662 quamquam
607 2623 659 2651 ne
700 2610 760 2651 sic
801 2610 966 2663 quidem
1008 2616 1219 2663 persanata
1251 2617 1344 2652 sunt
1374 2612 1519 2654 omnia.
1579 2612 1661 2652 He-

190 2678 379 2731 sychiana
421 2671 607 2735 ἇκοστή.
640 2675 782 2739 κριθή
829 2676 957 2738 παρὰ
998 2677 1228 2739 Κυπρίοις
1275 2682 1415 2724 mutila
1461 2682 1559 2724 mihi
1601 2682 1662 2724 vi-

193 2748 351 2790 dentur.

332 2819 523 2864 Ceterum
563 2820 697 2863 Photii
737 2822 859 2865 verba
899 2835 939 2877 p.
970 2821 1081 2864 466:
1106 2818 1383 2879 φαλάγγειον
1410 2822 1458 2876 (Ι.
1487 2819 1663 2879 φαλάγ-
