1811 3132
778 779 983 838 Caput
1013 781 1063 825 1.

193 902 258 966 ne
289 924 366 965 vita
397 923 586 964 Nicandri
620 923 873 976 Colophonii,
905 922 1069 972 medici,
1102 919 1366 974 grammatici,
1396 928 1539 975 poetae
1571 923 1653 964 cla-

190 992 364 1043 rissimi,
399 1003 524 1046 pauca
565 991 823 1033 tradiderunt
862 990 1010 1032 Suidas
1053 995 1093 1031 et
1123 995 1262 1031 auctor
1291 987 1446 1045 γένους
1485 985 1655 1033 Νικάν-

191 1061 323 1118 δρου,
357 1062 425 1116 qui
456 1075 478 1103 a
509 1062 692 1116 Dionysii
724 1061 951 1103 Phaselitae
984 1060 1033 1101 de
1074 1061 1188 1114 poesi
1221 1060 1446 1102 Antimachi
1479 1060 1586 1102 libro
1616 1068 1655 1103 et

189 1131 292 1185 ipsis
331 1130 521 1173 Nicandri
565 1131 813 1173 carminibus
856 1130 1052 1184 profecit,
1097 1130 1266 1184 eiusque
1297 1131 1443 1184 [copias
1475 1130 1655 1173 Eudocia

190 1200 332 1242 Violet.
361 1213 401 1255 p.
435 1197 522 1243 308
571 1201 621 1242 ad
657 1200 826 1242 verbum
858 1200 1086 1254 exscripsit.
1149 1202 1260 1251 Quae
1288 1200 1323 1242 si
1355 1214 1446 1242 cum
1476 1201 1527 1243 iis
1557 1215 1655 1244 con-

191 1269 434 1324 iunguntur,
478 1272 527 1313 de
561 1270 710 1326 quibus
742 1272 783 1313 in
815 1271 982 1314 scholiis
1014 1272 1164 1313 mentio
1194 1272 1259 1322 fit,
1292 1271 1392 1314 haec
1423 1273 1509 1315 fere
1540 1273 1655 1316 colli-

189 1347 349 1391 guntur.

328 1422 451 1464 Natus
490 1430 529 1464 et
571 1424 767 1465 educatus
816 1429 877 1465 est
906 1424 1108 1465 Nicander
1139 1425 1270 1472 Clari,
1313 1424 1654 1477 Colophoniorum

189 1493 288 1533 urhe
306 1491 358 1545 1),
391 1494 500 1534 unde
532 1493 708 1534 breviter
729 1493 1023 1546 Colophonium
1048 1493 1234 1547 plerique
1260 1487 1417 1542 vocant,
1449 1500 1576 1547 patre,
1611 1502 1655 1536 ut

190 1561 278 1614 ipse
309 1561 486 1610 tradidit,
519 1561 705 1611 Damaeo,
738 1567 781 1602 ut
806 1568 938 1603 autem
964 1562 1125 1614 Suidas,
1154 1562 1326 1604 fortasse
1348 1575 1423 1616 per
1453 1576 1652 1613 errorem,

191 1631 380 1685 quoniam
422 1631 617 1685 frequens
662 1631 880 1673 admodum
919 1631 998 1673 hoc
1037 1645 1184 1674 nomen
1224 1633 1486 1687 Colophoniis
1526 1633 1653 1675 fuisse

187 1702 369 1751 videtur,
410 1701 679 1755 Xenophane,
718 1701 834 1743 cuius
868 1714 995 1754 genus
1040 1703 1247 1743 ferebatur
1275 1702 1525 1752 Aetolicum,
1567 1703 1653 1744 sive

188 1773 316 1826 ipsius
346 1772 523 1812 maiores
564 1772 649 1811 sive
689 1784 790 1811 uxor
819 1771 975 1812 Aetolia
1003 1777 1115 1812 erant
1150 1772 1328 1813 oriundi.
1389 1772 1497 1813 Idem
1530 1773 1652 1814 Clarii

187 1840 384 1895 Apollinis
412 1839 708 1888 sacerdotium,
745 1853 767 1879 a
809 1840 1029 1881 maioribus
1059 1840 1283 1882 hereditate
1313 1848 1536 1894 acceptum,
1570 1842 1653 1883 filio

188 1909 426 1952 transmisit.
485 1907 688 1949 Nicander
706 1920 807 1962 quos
838 1908 1062 1949 litterarum
1093 1908 1282 1949 hahuerit
1307 1909 1534 1962 magistros,
1563 1910 1653 1964 qui-

187 1980 344 2033 busque
376 1978 524 2020 studiis
554 1977 731 2018 iuvenile
760 1978 991 2019 exercuerit
1022 1977 1244 2030 ingenium,
1276 1991 1297 2017 a
1329 1978 1492 2019 nemine
1525 1979 1653 2019 tradi-

188 2055 272 2090 tum
297 2054 373 2090 est.
433 2047 652 2089 Plurimam
686 2047 787 2089 vitae
817 2054 970 2101 partem
1001 2048 1042 2088 in
1071 2048 1226 2089 Aetolia
1258 2053 1528 2090 commoratus
1561 2061 1653 2090 esse

189 2119 348 2167 dicitur,
383 2118 498 2159 cuius
530 2118 587 2159 rei
618 2117 723 2158 haud
752 2118 842 2159 leve
865 2124 1147 2172 argumentum
1177 2132 1198 2159 e
1231 2118 1532 2159 commentariis
1563 2119 1652 2159 eius

190 2187 238 2229 de
268 2189 390 2230 rebus
421 2186 614 2229 Aetolicis
645 2188 866 2241 diligenter
897 2188 1133 2241 compositis
1165 2193 1324 2229 veteres
1357 2187 1551 2241 petebant
1567 2185 1621 2239 ²).

328 2270 385 2312 De
416 2276 543 2312 aetate
561 2269 751 2311 Nicandri
774 2270 1054 2312 diversissime
1083 2270 1273 2312 traditum
1299 2276 1371 2311 est.
1429 2270 1538 2311 Vitae
1560 2270 1652 2324 qui-

191 2341 281 2382 dem
323 2342 498 2395 scriptor
537 2340 661 2382 haec:
700 2334 849 2398 χρόνῳ
886 2336 936 2383 δὲ
967 2336 1140 2396 ἐγένετο
1172 2335 1286 2381 κατὰ
1313 2334 1391 2380 τὸν
1425 2330 1652 2380 ’Artatur

285 2480 323 2526 1)
350 2479 466 2515 Ther.
503 2479 584 2515 957.
632 2480 740 2515 Adde
774 2480 887 2517 Γένος
920 2481 1007 2514 Νικ.
1037 2481 1075 2512 et
1100 2476 1225 2511 Schol.
1252 2476 1371 2511 Clem.
1397 2469 1513 2510 Alexi
1533 2486 1572 2520 p.
1597 2474 1655 2510 96.

190 2534 340 2583 Κλάρος
363 2538 594 2584 Κολοφῶνος
620 2536 739 2580 πόλις,
767 2533 859 2572 ὅθεν
873 2532 922 2579 ἦν
949 2536 1166 2580 Νίκανδρος
1191 2533 1210 2569 ὁ
1240 2533 1405 2578 ποιητής.
1457 2534 1514 2568 De
1539 2533 1652 2568 Claro

188 2594 279 2627 urbe
305 2597 343 2627 et
365 2594 492 2629 Clario
517 2595 669 2628 oraculo
694 2592 779 2629 vide
806 2603 902 2638 quae
929 2592 971 2627 C.
990 2592 1035 2626 A.
1060 2591 1187 2626 Pertz.
1211 2589 1422 2635 Colophon.
1443 2602 1479 2636 p.
1505 2589 1551 2625 20
1571 2601 1652 2635 sqq.

188 2663 223 2696 p.
252 2651 298 2686 49
332 2662 414 2698 sqq.
440 2651 656 2698 disputavit.
805 2652 843 2696 2)
872 2649 931 2686 Cf.
965 2649 1132 2686 Meinek.
1167 2649 1251 2684 Act.
1285 2649 1391 2684 acad.
1423 2660 1502 2693 reg.
1527 2648 1652 2682 Berol.

190 2707 291 2745 1832.
317 2718 353 2754 p.
383 2709 460 2745 129.
488 2711 578 2745 coll.
615 2711 725 2747 Anal.
752 2710 861 2745 Alex.
892 2719 931 2754 p.
967 2709 1045 2744 173.
1078 2707 1263 2743 Welcker.
1289 2708 1380 2751 cycl.
1408 2719 1467 2752 ep.
1493 2707 1520 2742 1.
1546 2718 1581 2751 p.
1607 2706 1653 2740 56

187 2775 224 2800 n.
250 2766 307 2801 74.
335 2787 382 2793 —
430 2767 608 2803 Ceterum
641 2768 833 2803 Nicander
867 2766 995 2802 nescio
1036 2766 1118 2813 quis
1144 2769 1299 2812 praetor
1322 2765 1495 2801 Aetoliae
1520 2763 1593 2798 fuit
1620 2775 1653 2801 a.

190 2823 372 2861 leo—189
397 2838 431 2862 a.
458 2826 547 2863 Chr.
573 2826 620 2862 cf.
645 2827 726 2863 Liv.
753 2820 958 2870 XXXVIII,
988 2827 1019 2862 l.
1046 2835 1127 2873 sqq.
1146 2825 1278 2869 Polyb.
1293 2825 1409 2868 xxn,
1434 2823 1468 2860 8.
1486 2823 1656 2859 Clinton.

188 2878 292 2917 Fast.
320 2882 470 2920 Hellen.
498 2884 545 2920 T.
571 2881 634 2921 ΠΙ.
659 2895 692 2920 a.
720 2883 798 2921 189.

1346 2940 1370 2984 1
