1811 3132
931 115 989 161 32

221 229 307 274 Huc
350 231 473 284 igitur
512 229 719 283 pertinent
748 228 943 270 Athenaei
978 229 1101 271 verba
1132 229 1167 271 11
1193 242 1232 283 p.
1266 228 1344 271 35:
1378 225 1441 273 ὅτι
1472 228 1547 273 τὸν
1578 229 1688 274 οἶνον

221 302 242 345 ὁ
277 297 552 353 Κολοφώνιος
581 296 814 352 Νίκανδρος
845 295 1096 351 ὠνομάσθαι
1124 298 1248 353 φησὶν
1280 296 1367 340 ἀπὸ
1397 300 1572 346 Οἰνέως·

335 364 477 416 Οἰνεὺς
505 364 538 408 δ’
572 368 615 408 ἐν
643 365 843 409 κοίλοισιν
873 363 1129 423 ἀποθλίψας
1154 364 1380 410 δεπάεσσιν

338 437 453 481 οἶνον
484 437 643 490 ἔκλησε.

357 506 455 547 Nam
497 519 570 547 cur
618 506 669 546 ad
712 506 907 559 Georgica
949 519 1041 547 cum
1083 506 1472 559 Schweighaeusero
1514 506 1686 559 aliisque

219 579 447 618 referantur
479 582 657 629 apertam
689 577 878 630 equidem
910 590 1071 618 causam
1103 591 1183 618 non
1217 577 1406 633 inveni03
1439 579 1561 619 immo
1594 590 1684 618 cer—

222 649 299 688 tior
321 648 460 688 Oeneo
492 647 533 687 in
564 646 900 687 Heteroeumenis
934 646 1047 687 locus
1081 660 1173 688 esse
1204 648 1376 688 videtur.
1437 649 1685 689 Athenaeum

221 717 441 770 exscripsit
471 716 585 758 Suid.
616 730 653 758 v,
686 715 810 767 οἶνος.
844 741 895 748 -
960 717 1096 758 Tertia
1141 730 1238 758 vero
1270 717 1403 759 fabula
1436 718 1487 758 de
1517 718 1687 758 Hermo-

220 788 341 827 chare
381 786 621 827 Atheniensi
662 792 700 827 et
741 786 916 839 Ctesylla
958 787 1059 835 Cea,
1091 787 1237 828 Anton.
1270 800 1302 827 c.
1337 786 1374 836 1,
1407 791 1572 839 propter
1602 785 1687 825 Pli-

219 864 326 898 stum
364 857 530 898 ssuvium
569 857 617 897 ad
662 857 882 898 Phocidem
923 857 1139 898 reserenda
1176 857 1350 898 videtur.
1419 857 1576 898 Eodem
1618 868 1686 896 re-

219 928 327 975 fero,
361 940 462 980 quae
495 940 544 967 ex
574 926 764 967 Nicandri
793 927 1131 967 Heteroeumenis
1162 927 1269 980 apud
1295 926 1441 967 Athen.
1469 925 1528 967 111
1559 938 1597 979 p.
1629 923 1685 964 82

220 1009 254 1036 a.
279 1001 435 1037 extant:

358 1060 499 1120 Asi'm'x'
534 1058 595 1117 ὅγ’
628 1060 656 1119 ἢ
685 1060 908 1113 Σιδόεντος
938 1063 986 1121 ἧὲ
1016 1062 1227 1106 Πλείστου
1258 1062 1341 1106 ἀπὸ
1370 1061 1512 1121 κήπων

356 1132 466 1188 μῆλα
496 1129 637 1185 ταμὼν
667 1128 885 1188 χνοάοντα,
917 1129 1073 1181 τύπους
1102 1127 1349 1184 ἐνεμάσσετο
1383 1127 1580 1185 Κάδμου,

218 1204 288 1244 ubi
320 1196 548 1259 χνοάοντα,
589 1202 943 1253 lanuginosa,
986 1202 1079 1242 dedi
1108 1201 1285 1242 Iacohsii
1327 1201 1602 1242 coniecturam
1642 1201 1684 1241 in

218 1273 337 1314 Anth.
368 1271 459 1313 vm
487 1284 526 1324 p.
556 1268 667 1320 203,
709 1268 957 1323 ἐνεμάσσετο
992 1271 1246 1313 Dindorlium
1276 1277 1452 1314 secutus.
1513 1271 1682 1312 Pomum

218 1342 391 1393 intelligi
433 1342 482 1381 ab
521 1347 699 1381 amatore
740 1341 983 1393 inscriptum
1024 1342 1094 1390 (de
1134 1355 1212 1394 quo
1255 1354 1368 1382 more
1398 1342 1684 1391 cf.Boettige1·

219 1411 271 1451 de
301 1410 405 1451 Med.
437 1409 576 1462 Eurip.
607 1409 760 1461 prolus.
788 1408 825 1449 11
855 1421 896 1461 p.
936 1409 1003 1450 13.
1064 1410 1210 1450 Sabina
1242 1409 1293 1459 Π,
1329 1409 1397 1460 72,
1432 1409 1507 1461 77)
1542 1411 1680 1463 suspi—

219 1486 331 1521 catus
369 1485 432 1520 est
470 1478 753 1521 Casaubonus:
793 1484 902 1520 recte
944 1480 1113 1531 opinor,
1161 1486 1200 1521 et
1240 1493 1404 1533 pomum
1436 1481 1600 1534 quidem
1635 1482 1683 1521 ab

217 1550 491 1592 Hermochare
523 1550 566 1590 in
596 1550 732 1590 sanum
764 1549 912 1590 Dianae
945 1550 1143 1592 abiectum
1175 1549 1231 1600 (ν.
1263 1552 1409 1593 Anton.
1443 1551 1467 1595 l.
1486 1551 1559 1603 l.);
1592 1564 1683 1592 nam

220 1634 320 1675 quas
359 1619 625 1660 Mellmannus
664 1620 714 1659 de
752 1619 855 1659 sabb.
897 1619 939 1659 in
972 1620 1085 1660 Ovid.
1125 1620 1219 1661 Met.
1259 1621 1373 1662 sonu.
1406 1633 1443 1672 p.
1477 1620 1531 1662 79
1563 1622 1686 1662 movit

219 1689 505 1737 dubitationes,
538 1700 662 1728 vanae
692 1693 797 1728 sunt.

358 1758 390 1798 E
423 1762 564 1810 quarto
593 1756 697 1796 libro
722 1768 869 1796 novem
898 1755 1055 1796 fabulas
1085 1756 1261 1796 servavit
1290 1756 1533 1799 Antoninus.
1593 1757 1686 1798 Pri-

221 1839 325 1867 mam
363 1826 414 1866 de
446 1824 583 1865 Lamia
616 1824 657 1864 in
687 1823 827 1876 Cirphi
857 1830 994 1864 monte
1027 1823 1229 1864 Phocensi
1268 1829 1308 1864 et
1335 1825 1494 1865 condita
1526 1825 1683 1878 Sybari,

221 1909 253 1935 c.
283 1895 324 1936 8.
384 1894 580 1941 Secunda,
613 1893 743 1941 tertia,
778 1899 929 1946 quarta,
965 1894 1036 1934 has
1071 1894 1178 1933 enim
1210 1899 1377 1946 propter
1399 1895 1531 1935 Ovidii
1561 1896 1685 1937 Meta-

220 1965 378 2017 morph.
410 1964 454 2013 V,
482 1962 735 2003 394-678
767 1963 967 2014 coniungo
985 1995 995 2012 ‚
1023 1963 1072 2003 de
1102 1963 1322 2004 certamine
1352 1963 1561 2004 Pieridum
1594 1977 1684 2005 cum

220 2035 346 2075 Musis
379 2047 413 2073 c.
437 2033 477 2082 9,
509 2033 559 2072 de
591 2032 785 2073 Ascalabo
817 2045 838 2072 a
871 2032 1019 2073 Cerere
1050 2032 1092 2072 in
1116 2032 1346 2073 stellionem
1376 2038 1526 2073 mutato
1557 2047 1591 2074 c.
1612 2032 1683 2084 24,

221 2105 271 2145 de
306 2104 499 2156 Typhone
540 2108 579 2142 et
622 2103 716 2154 suga
759 2103 927 2143 deorum
977 2103 1018 2143 in
1049 2104 1270 2155 Aegyptum
1303 2116 1334 2144 c.
1364 2102 1434 2145 28.
1497 2105 1682 2145 Ceterum

222 2188 312 2215 cum
345 2173 506 2215 Cereris
547 2185 707 2213 errores
746 2185 820 2225 per
857 2173 1027 2214 Atticam
1076 2186 1110 2214 c.
1139 2171 1197 2213 24
1223 2179 1603 2223 commemorentur,
1636 2176 1684 2215 ad

220 2244 564 2296 Metamorphoses
605 2249 789 2295 spectare
821 2243 1014 2284 Nicandri
1050 2244 1319 2296 fragmentum
1361 2242 1447 2294 (25.
1478 2243 1618 2294 Schn.)
1662 2259 1683 2285 e

219 2314 417 2367 Porphyr.
436 2317 588 2366 quaest.
609 2312 772 2353 Homer.
804 2325 842 2365 p.
877 2310 943 2352 92.
974 2312 1139 2353 Barnes.

670 2380 908 2434 ἐυκτιμένην
938 2380 1208 2433 Μαραθῶνα

220 2450 460 2493 Schneideri
489 2455 553 2491 est
583 2444 827 2490 coniectura.
890 2448 1038 2499 Quinta
1066 2448 1198 2490 fabula
1230 2448 1280 2490 de
1301 2437 1424 2503 Hylae
1453 2456 1569 2503 raptu
1598 2451 1684 2492 An-

220 2528 304 2562 ton.
334 2533 369 2562 c.
400 2518 458 2560 26
491 2519 733 2567 continetur,
767 2519 1052 2572 coniungendo
1086 2532 1176 2560 cum
1208 2519 1336 2560 Schol.
1373 2519 1543 2561 Theocr.
1576 2520 1682 2570 XIlI,

220 2592 290 2633 46.
317 2597 357 2632 et
384 2590 516 2631 Schol.
538 2590 667 2642 Apoll.
689 2590 816 2630 Rhod.
850 2589 880 2638 1,
906 2588 1031 2630 1233.
1094 2590 1212 2630 Sexta
1243 2589 1376 2630 fabula
1408 2590 1457 2630 de
1488 2590 1684 2631 Metioche

222 2668 262 2702 et
290 2661 477 2714 Menippe
510 2661 673 2702 Orionis
702 2660 883 2709 filiabus,
916 2661 1063 2701 Anton.
1085 2674 1117 2701 c.
1140 2657 1210 2701 25.
1274 2660 1315 2701 C.
1343 2658 1398 2700 27
1427 2660 1603 2701 narratio
1634 2661 1683 2702 de

222 2730 443 2783 Iphigenia,
477 2729 625 2770 Thesei
652 2736 690 2769 et
718 2729 895 2770 Helenae
924 2729 1017 2778 filia,
1052 2730 1218 2770 educata
1256 2729 1305 2770 ab
1335 2729 1512 2770 Helenae
1542 2743 1683 2771 sorore

222 2800 559 2854 Clytaemnestra,
604 2811 706 2853 quae
743 2811 856 2840 suam
897 2810 987 2840 esse
1017 2798 1154 2848 finxit,
1195 2798 1364 2852 eiusque
1395 2797 1683 2850 immolatione,
