1811 3132
928 157 988 203 24

214 274 570 334 τετρακαιδεκάτῳ
597 277 654 329 (ν.
674 276 849 321 Lobeck
868 276 1021 330 Phryn.
1042 290 1081 331 p.
1101 274 1202 317 409.
1221 276 1341 317 Mein.
1363 275 1386 317 l.
1410 276 1436 317 l.
1462 288 1499 329 p.
1524 276 1610 317 176
1629 277 1692 327 n.)

211 346 476 403 Ἡρακλείας,
517 345 754 401 Νίκανδρος
800 343 846 390 δὲ
886 346 929 389 ἐν
972 353 1059 399 τοῖς
1091 345 1336 398 Αἷτωλικοῖς
1363 345 1488 397 (male
1535 344 1689 388 editum

213 425 278 459 est
310 416 536 471 Αἰτωλοῖς)
569 411 658 468 ὅτι,
699 416 850 473 φησὶν,
893 418 936 460 ἐν
968 414 1113 466 αὐτοῖς
1142 417 1216 473 τῆς
1246 414 1433 473 Σελήνης
1465 418 1521 473 τῷ
1546 414 1690 461 Ἐνδυ-

211 491 331 542 μίωνι
371 482 745 542 συγκαθευδούσης
787 487 1004 542 συνέβαινε
1044 484 1140 537 τοὺς
1171 483 1324 540 ἄλλους
1355 483 1511 537 τόπους
1538 485 1689 544 ἆσελὴ-

210 573 311 606 νους
340 555 449 599 εἶναι
479 558 551 600 καὶ
580 554 637 612 μὴ
665 558 845 612 μετέχειν
878 552 1026 609 φωτός.
1086 557 1143 597 Dc
1166 556 1584 603 Aselenis,1nontihus
1616 570 1688 599 ex-

210 627 348 680 posuit
382 626 543 683 Jacobs.
591 626 633 667 in
676 626 783 667 Diar.
831 625 1030 667 Scholast.
1073 625 1200 667 1833.
1241 627 1281 679 p.
1327 625 1421 667 117.
1465 626 1685 669 Aselenum

138 702 145 709 '
210 702 388 738 montem
403 702 521 749 poeta
538 696 662 736 Ther.
682 694 769 736 215
799 695 1143 744 commemoravit,
1171 695 1240 736 ubi
1274 695 1408 738 Schol.
1426 694 1473 738 τό
1504 692 1541 738 δ’
1570 692 1686 741 Ἀσέ-

211 765 338 822 ληνον
379 762 597 820 ,Λοκρικὸν
636 762 729 820 ὅρος
765 765 853 808 ἐστὶ
890 763 1167 821 δυσχείμερον.
1241 765 1510 818 Endymionis
1550 772 1685 807 autem

211 835 385 876 fabulam
417 834 582 875 omnino
624 834 730 875 bene
768 846 859 875 cum
889 833 1162 875 Aetolicorum
1192 839 1431 887 argumento
1463 836 1682 877 convenire

209 905 390 960 Heynius
430 905 473 946 in
503 904 689 957 Apollod.
721 904 771 945 ΙΙ.
795 916 833 957 p.
864 903 935 945 43.
968 904 1137 945 monuit.
1208 904 1389 945 Eandem
1431 917 1529 946 vero
1568 918 1683 946 more

210 989 298 1026 suo,
331 988 424 1017 cum
445 974 487 1015 in
508 973 683 1016 diversis
704 973 821 1015 libris
842 979 1015 1015 mutatas
1035 987 1156 1028 saepe
1176 974 1331 1016 fabulas
1357 975 1535 1025 iteraret,
1561 976 1682 1017 etiam

209 1046 251 1086 in
294 1045 475 1087 secundo
515 1044 719 1097 Enropiae
761 1044 868 1085 libro
908 1044 1111 1085 Nicander
1149 1045 1356 1095 tractavit,
1405 1050 1508 1086 teste
1546 1045 1680 1087 Schol.

208 1115 338 1168 Apoll.
370 1114 501 1155 Rhod.
534 1114 559 1155 l.
590 1114 616 1157 l.
685 1113 825 1168 ltaque
866 1114 1096 1155 dubitamus
1135 1114 1215 1155 utri
1254 1114 1425 1155 carmini
1465 1114 1680 1156 tribuenda

208 1184 262 1224 sit
301 1182 508 1224 annotatio
537 1183 782 1236 Philargyrii
824 1183 865 1224 in
897 1183 1072 1225 Scholiis
1114 1183 1221 1236 Virg.
1261 1184 1403 1237 Georg.
1444 1184 1525 1234 ΙΙΙ,
1569 1183 1678 1226 392;

209 1253 333 1303 „Pan
373 1266 465 1295 cnm
497 1254 636 1294 Lunae
668 1266 805 1294 amore
836 1254 1046 1306 flagraret,
1091 1259 1134 1294 ut
1175 1254 1234 1294 illi
1273 1254 1476 1295 formosus
1516 1255 1679 1295 videre·

207 1327 299 1370 tur,
340 1321 470 1362 niveis
508 1321 727 1363 velleribus
760 1334 805 1363 se
840 1322 1127 1372 circumdedit,
1168 1327 1288 1377 atque
1318 1323 1371 1364 ita
1404 1324 1452 1365 ad
1488 1336 1576 1366 rem
1605 1338 1676 1366 ve-

206 1403 369 1432 neream
409 1390 545 1431 illexit.
622 1390 752 1431 Huius
794 1391 1000 1443 opinionis
1039 1396 1179 1432 auctor
1225 1397 1289 1432 est
1317 1392 1529 1434 Nicander.
1601 1407 1677 1434 nec

205 1464 366 1512 poterat
398 1470 488 1500 esse
514 1457 594 1498 nisi
629 1458 858 1499 Graecus.“

345 1530 476 1571 Tertii
505 1543 602 1570 vero
634 1529 910 1571 Aetolicorum
942 1530 1035 1571 libri
1080 1531 1351 1583 fragmentum
1382 1532 1515 1573 Schol.
1548 1534 1675 1586 Apoll.

203 1600 333 1642 Rhod.
363 1600 394 1641 1.
425 1599 511 1640 419
555 1599 628 1652 (fr.
664 1600 805 1642 XXXI.
836 1599 978 1652 Schn.)
1021 1600 1217 1641 servavit:
1252 1602 1323 1645 καὶ
1362 1598 1597 1656 Νίκανδρος
1634 1605 1679 1646 ἐν

204 1672 319 1728 τρίτῃ
350 1667 597 1711 Αἰτωλικῶν
636 1668 682 1710 ἐκ
711 1670 787 1721 τῆς
816 1668 860 1710 ἐν
892 1668 1081 1723 Αἰτωλίᾳ
1108 1664 1325 1723 Ὀρτυγίας
1354 1667 1454 1724 φησὶ
1481 1666 1557 1726 τὴν
1584 1671 1675 1726 Δῆ-

202 1739 276 1782 λον
307 1735 607 1794 ὀνομασθῆναι
644 1734 885 1791 Ὀρτυγίαν,
911 1734 1081 1792 γράφων
1109 1734 1238 1780 τάδε·

465 1808 508 1850 οἳ
545 1804 583 1848 δ’
614 1807 658 1857 ἐξ
680 1803 898 1863 Ὀρτυγίης
929 1804 1154 1862 Τιτηνίδος
1184 1805 1440 1863 ὁρμηθέντες

461 1876 503 1919 οῖ
532 1874 607 1931 μὲν
638 1876 729 1931 ἴτην
767 1872 957 1929 Ἔφεσον.

203 1945 246 1987 οἱ
275 1943 322 1988 δὲ
351 1943 425 2002 τὴν
451 1943 651 2001 πρότερον
682 1944 823 2003 Δῆλον
850 1944 1123 2001 καλουμένην,

517 2013 641 2060 ἄλλοι
672 2013 711 2058 δ’
740 2014 1000 2073 ὅμοτέρμονα
1029 2017 1156 2072 νῆσον

462 2084 677 2141 Σικελίης,
703 2079 811 2128 ὅθεν
836 2083 1051 2140 Ὀρτυγίαι
1079 2087 1213 2130 πᾶσαι
1241 2081 1466 2142 βοόωνται.

343 2156 555 2197 Postrema
594 2155 740 2204 verba,
774 2155 854 2196 nisi
887 2155 995 2208 quod
1029 2155 1226 2196 librorum
1260 2155 1504 2207 scripturam
1535 2149 1672 2197 ὅθεν·

198 2223 413 2284 βοόωνται
451 2238 542 2267 cum
574 2225 802 2267 Wellauero
832 2224 1010 2274 retinui,
1055 2238 1105 2266 ex
1138 2223 1422 2267 emendatione
1448 2225 1669 2267 Hermanni

199 2298 352 2350 Opusc.
385 2297 446 2338 lv.
478 2310 518 2349 p.
549 2295 635 2338 247
667 2296 798 2349 posui.
870 2296 1045 2336 Codices
1087 2296 1196 2336 enim
1236 2295 1425 2336 continua
1469 2296 1669 2348 scriptura

197 2371 326 2409 totum
358 2365 493 2408 locum
525 2366 586 2408 sic
626 2365 843 2408 exhibent:
882 2366 923 2409 οἱ
951 2364 1027 2420 μὲν
1057 2362 1131 2422 τὴν
1166 2361 1347 2419 Ἔφεσον
1384 2387 1440 2395 -
1471 2362 1594 2409 ἄλλοι
1625 2363 1671 2409 δὲ

196 2436 273 2491 τὴν
324 2434 391 2490 ὃμ.
431 2438 483 2478 Σ.
534 2453 571 2478 ν.
613 2435 651 2480 ὃ.
689 2434 797 2491 Ὀρτ.
848 2453 892 2479 π.
938 2437 1138 2490 βοῶνται.
1222 2436 1413 2477 Ceterum
1467 2436 1669 2477 notandus

197 2511 261 2547 est
289 2505 356 2547 hic
385 2519 530 2548 versus
560 2512 728 2560 propter
757 2518 967 2548 caesuram
1007 2506 1411 2559 semiseptenariam,
1453 2519 1571 2561 quam
1600 2518 1670 2548 se-

197 2576 281 2617 mel
321 2581 476 2616 tantum
519 2577 658 2618 inveni
699 2577 805 2629 apud
833 2576 1105 2624 Nicandrum,
1143 2576 1265 2617 Ther.
1297 2575 1396 2616 894.
1459 2576 1557 2617 Nam
1581 2576 1668 2629 pri-—

195 2646 369 2687 marium
401 2645 537 2687 locum
566 2647 608 2688 in
638 2647 728 2689 eius
754 2647 941 2688 versibus
972 2645 1149 2687 obtinuit
1180 2658 1347 2688 caesura
1377 2652 1472 2700 post
1502 2646 1667 2687 tertium

199 2718 460 2765 trochaeum,
508 2729 599 2757 cum
630 2716 964 2770 semiseptenaria
1007 2716 1249 2770 plerumque
1279 2716 1453 2770 aliisque
1494 2716 1665 2757 coniun-

195 2792 280 2837 cta3
319 2787 540 2830 secundum
582 2786 871 2842 semiquinaria
906 2800 997 2829 eum
1029 2786 1377 2840 semiseptenaria,
1418 2798 1511 2827 nam
1542 2786 1667 2829 semi-

194 2857 382 2913 quinaria
413 2871 487 2913 per
517 2871 563 2900 sc
594 2870 799 2912 nunquam
829 2857 960 2911 posita
994 2862 1079 2907 est,
1123 2857 1204 2899 nisi
1235 2856 1312 2898 alia
1342 2862 1543 2911 sequente
1572 2868 1665 2898 cae-
