1811 3132
859 147 912 190 11

149 269 402 315 uberioribus
423 266 571 314 verbis,
602 257 675 306 ὅτι
703 258 749 306 οἱ
773 261 1121 320 γλωσσογράφοι
1139 260 1350 317 μάστακα
1377 260 1456 320 τὴν
1487 259 1617 315 ἀκρί-

150 340 227 390 δα,
285 336 386 380 δέον
426 331 618 390 μάσημα
657 330 733 374 καὶ
773 333 961 390 βρῶμα·
1004 329 1147 375 ἐνίοτε
1192 332 1242 375 δὲ
1285 331 1360 375 καὶ
1411 328 1520 375 αὐτὸ
1563 330 1614 375 τὸ

148 403 294 463 στόμα
328 398 603 458 ὁμωνύμως·
635 398 853 461 καθάπερ
879 401 958 446 τὸν
986 400 1161 456 χοίνικα
1200 400 1247 445 τὸ
1264 403 1428 460 μέτρον
1460 402 1536 446 καὶ
1562 401 1613 445 τὸ

147 473 459 533 Διιιετρούιιιενον.
523 474 710 514 Ceterum
742 487 834 514 cum
867 476 1061 527 „glossas
1096 476 1181 516 sive
1215 476 1484 528 promiscuas,
1527 476 1614 516 sive

149 547 387 601 singulares,
416 543 476 584 vel
509 543 630 585 unius
656 543 926 596 gentisurbis
949 545 1127 598 regionis
1153 546 1373 595 insulaeve,
1399 546 1463 587 vel
1492 546 1613 587 unius

148 619 245 660 artis
294 615 356 656 vel
396 614 517 655 unius
563 614 806 667 scriptorum
846 623 1107 668 poetarumve
1149 616 1335 669 generis,
1387 617 1450 656 vel
1492 616 1611 657 unius

149 693 254 730 certe
296 685 505 727 cuiusdam
538 689 681 737 poetae
713 685 1017 738 scriptorisve“
1068 686 1419 738 grammaticorum
1450 685 1611 727 illorum

150 753 358 809 glossariis
390 752 582 792 collectas
615 765 706 793 esse
732 758 902 801 constet,
934 753 1122 806 equidem
1152 753 1199 793 ad
1221 754 1335 805 prius
1362 766 1490 805 genus
1517 765 1613 805 pro-

149 826 348 867 miscuum
378 822 535 874 glossas
566 821 758 862 Nicandri
791 823 1093 871 revocaverim,
1126 828 1258 863 motus
1292 823 1378 875 ipsa
1408 824 1612 874 fragmen-

149 904 278 936 torum
309 898 462 933 natura.

284 962 364 1003 Iam
394 974 469 1014 per
499 973 544 1001 se
570 965 751 1013 apertum
785 966 848 1001 est
874 961 1031 1013 glossas
1064 960 1254 1002 Nicandri
1280 973 1401 1013 prosa
1430 960 1611 1002 oratione

148 1035 272 1075 fuisse
318 1031 573 1084 compositas.
635 1030 789 1080 Quodsi
821 1036 955 1071 tamen
990 1031 1147 1072 duobus
1181 1031 1222 1070 in
1254 1030 1356 1071 locis
1386 1043 1531 1070 versus
1563 1043 1610 1070 ex

148 1104 197 1144 iis
229 1103 475 1153 allegantur,
516 1101 593 1142 hoc
626 1113 717 1142 cum
749 1100 1045 1142 Bussemakero
1080 1098 1233 1153 (annot.
1272 1100 1358 1141 erit„
1395 1099 1437 1139 in
1477 1097 1610 1140 Schol.

146 1174 230 1213 Nic.
260 1185 298 1224 p.
333 1170 437 1219 651)
468 1171 520 1211 ita
551 1170 929 1222 interpretabimur,
972 1176 1014 1210 ut
1045 1183 1124 1210 non
1155 1170 1266 1222 ipsos
1299 1168 1489 1209 Nicandri
1518 1181 1611 1208 ver-

147 1256 239 1289 sus,
282 1240 354 1281 sed
394 1241 533 1281 neseio
566 1240 682 1281 euius
710 1240 886 1280 auctoris
918 1240 967 1280 ab
997 1239 1198 1280 Nicandro
1230 1238 1397 1279 adhibiti
1429 1242 1610 1279 servatos

146 1325 235 1352 esse
258 1311 484 1351 credamus.
547 1310 643 1350 Eam
667 1322 762 1349 vcro
794 1309 1036 1350 sententiam
1064 1310 1288 1350 luculenter
1309 1308 1471 1349 Scholio
1493 1308 1610 1348 Ther.

146 1379 228 1420 382
260 1380 418 1420 firmare
445 1380 563 1428 licet,
616 1380 834 1420 dummodo
865 1379 1041 1431 genuina
1080 1392 1102 1420 e
1149 1379 1358 1420 codicibus
1400 1383 1612 1419 revocetur

145 1449 355 1501 scriptura.
416 1449 514 1489 Nam
547 1461 646 1502 quae
681 1449 802 1500 vulgo
834 1449 889 1489 ibi
925 1449 1113 1501 leguntur
1145 1449 1213 1498 (fr.
1236 1448 1290 1488 37
1323 1447 1466 1488 Lehrs.
1488 1447 1609 1488 Schn.

143 1533 180 1571 p.
212 1516 318 1568 455)
360 1514 439 1573 τὴν
479 1513 652 1573 μάλκην
696 1515 811 1573 φησὶ
840 1515 1098 1573 Νίκανδρος
1132 1514 1178 1559 ἐν
1210 1515 1446 1565 Γλώσσαις
1486 1514 1611 1572 ῥῖγος

145 1586 251 1644 περὶ
287 1583 395 1636 τοὺς
437 1583 586 1636 πόδας
628 1583 705 1628 καὶ
741 1587 894 1642 χεῖρας
934 1584 1011 1628 καὶ
1040 1581 1317 1642 ὑποδήματα
1346 1581 1611 1627 ὖποτιθεῖσι

145 1653 398 1711 πνεύματος
421 1651 663 1713 ἀργαλέοιο
686 1652 850 1698 πόνοιό
872 1670 922 1697 τε
950 1653 1253 1710 μαλκείοντες,
1283 1669 1452 1709 prorsus
1474 1656 1608 1708 inepta

145 1735 250 1770 sunt.
331 1729 408 1768 Sed
451 1728 576 1768 codex
624 1728 833 1768 Vaticanus
874 1728 1048 1780 optimae
1089 1734 1230 1775 notae,
1283 1728 1398 1768 cuius
1439 1739 1608 1779 apogra—

142 1798 263 1849 phum
305 1796 531 1836 humanitas
576 1797 741 1837 Henrici
781 1797 901 1837 Keilii
945 1809 1103 1837 meeum
1136 1796 1467 1844 communicavit,
1515 1809 1607 1836 cum

141 1861 454 1920 ὑποδείγματα
481 1859 756 1918 ὑποτίθησιν
785 1867 984 1914 exhibeat,
1018 1867 1060 1906 in
1091 1872 1280 1918 promptu
1311 1871 1373 1906 est
1391 1860 1467 1905 καὶ
1485 1859 1606 1906 ὑπο·-

142 1933 359 1989 ὄείγματα
411 1933 722 1989 παρατίθησιν
771 1936 851 1982 (vel
903 1936 1035 1988 potius
1078 1931 1409 1990 παρατίθεται)
1454 1935 1605 1987 legere,

140 2006 216 2047 hoc
250 2013 330 2054 est,
364 2005 563 2046 Nicander
594 2006 830 2046 sententiam
865 2019 977 2046 suam
1008 2006 1072 2046 his
1105 2005 1349 2057 scriptorum
1382 2005 1483 2045 loeis
1515 2018 1604 2045 mu—

141 2075 220 2123 nit3
253 2075 343 2115 vide
372 2076 421 2115 de
449 2074 570 2115 verbo
603 2070 899 2130 παρατίθημι
938 2076 1116 2117 Bastium
1149 2075 1190 2116 in
1223 2076 1387 2128 Gregor.
1421 2075 1604 2117 Corinth.

139 2157 177 2196 p.
209 2144 293 2185 348
334 2151 374 2186 et
404 2145 608 2187 Schaeser.
649 2146 689 2185 in
730 2146 891 2199 Dionys.
935 2146 984 2187 de
1027 2159 1156 2199 comp.
1190 2146 1301 2186 verb.
1332 2158 1371 2198 p.
1404 2145 1471 2186 84.
1504 2145 1601 2186 359.

138 2214 285 2255 Melett.
317 2215 419 2256 critt.
453 2228 490 2267 p.
511 2213 579 2255 25.
642 2215 685 2254 In
719 2215 808 2268 ipso
835 2229 957 2257 versu
977 2216 1207 2257 Lobeckius
1232 2216 1272 2256 in
1303 2216 1452 2268 Phryn.
1482 2228 1519 2268 p.
1546 2215 1602 2256 82

138 2280 441 2334 μαλκιόωντες
480 2285 604 2325 scribi
646 2286 786 2335 iussit,
831 2287 936 2340 quod
975 2287 1016 2327 in
1056 2287 1151 2327 Hes.
1190 2287 1291 2338 Opp.
1327 2284 1411 2326 532
1451 2287 1548 2326 olim
1580 2300 1600 2326 a

139 2354 295 2395 Cratete
328 2355 555 2407 legebatur,
587 2369 621 2394 v.
654 2356 782 2409 Etym.
810 2357 858 2397 M.
891 2370 929 2409 p.
961 2356 1058 2405 594,
1090 2357 1159 2396 46.
1191 2356 1282 2396 Sch.
1315 2356 1413 2396 Hes.
1445 2369 1482 2408 p.
1515 2355 1601 2396 318

140 2423 260 2464 Gaisf.
341 2425 479 2478 Neque
520 2426 635 2466 aliter
674 2431 804 2467 statuo
846 2427 895 2467 de
937 2441 1054 2468 versu
1096 2441 1118 2467 e
1156 2426 1345 2467 Nicandri
1389 2426 1537 2477 glossis
1580 2440 1601 2466 a

138 2491 268 2533 Schol.
301 2495 343 2534 in
378 2495 578 2547 Aristoph.
609 2496 710 2549 qu.
739 2495 824 2536 408
857 2497 1002 2552 citato3
1033 2509 1150 2550 quem
1181 2496 1325 2536 Suidas
1356 2509 1389 2535 v.
1422 2491 1601 2547 Βάκχος

138 2564 175 2599 et
205 2561 354 2604 Eudoc.
391 2563 532 2605 Violet.
557 2578 595 2617 p.
618 2564 672 2605 87
706 2566 1030 2618 exscripserunt3
1066 2579 1305 2620 quamquam
1341 2567 1396 2607 ibi
1425 2568 1599 2610 dubium

138 2636 219 2679 est,
253 2633 350 2686 quid
375 2634 575 2676 Nicandro
607 2635 809 2677 debeatur.
871 2635 968 2678 Nam
1011 2643 1223 2691 postquam
1263 2639 1490 2691 expositum
1537 2646 1596 2680 est

137 2712 157 2739 a
198 2702 447 2754 scholiasfis,
488 2706 689 2748 Bacchum
728 2720 809 2748 non
847 2708 977 2749 solum
1019 2709 1140 2749 deum
1173 2709 1329 2762 ipsum,
1372 2711 1443 2750 sed
1476 2711 1595 2752 etiam

137 2766 241 2818 τούς
280 2771 518 2824 τελοῦντας
548 2771 605 2817 τὰ
638 2768 771 2833 ὄργια
800 2778 934 2820 vocari
969 2786 1008 2819 et
1038 2792 1173 2821 ramos
1208 2794 1309 2835 quos
1342 2786 1496 2834 mystae
1527 2795 1596 2836 ge·-

139 2840 305 2893 stabant,
338 2845 393 2886 ita
423 2847 624 2900 pergitur:
675 2841 771 2890 ἔστι
801 2846 851 2891 δὲ
881 2846 957 2890 καὶ
986 2846 1211 2906 στεφάνης
1241 2843 1382 2902 εἶδος,
1415 2845 1476 2903 (ὃς
1507 2853 1594 2893 Νί-
