1811 3132
824 126 877 169 15

120 255 319 312 ζωάγρια
350 242 607 304 μοιχάγρια.
652 242 910 299 Νίκανδρος
939 241 989 285 δὲ
1009 240 1063 283 τὰ
1084 238 1176 284 κατ’
1208 235 1350 300 ἄνδρα
1381 239 1582 300 λάφυρα.

117 319 406 376 Πτολεμαῖος
436 313 485 358 δὲ
526 312 666 356 σκῦλα
710 307 912 370 ἦρημένα
954 310 1083 368 παρὰ
1127 306 1312 370 ἅπδριῦι.
1383 315 1582 356 Breviavit

116 399 227 439 Eust,
254 407 290 447 p.
304 389 402 436 999,
420 385 487 428 52.
551 384 712 438 Reliqui
731 397 824 425 veto
847 384 1086 425 scholiastae
1114 390 1153 425 et
1178 384 1468 437 lexicogiaplii,
1491 386 1580 439 qui-

119 468 191 507 bns
213 464 279 505 Ori
309 467 347 500 et
368 455 584 498 Ptolemaei
620 454 841 507 praevaluit
861 454 1087 506 explicatio,
1124 455 1174 494 de
1197 454 1399 495 Nicandro
1433 462 1578 495 tacent.

233 535 337 575 Haec
380 527 514 569 omnia
552 526 599 567 ad
633 525 797 566 Glossas
830 524 1040 565 reserenda
1072 539 1163 566 esse
1197 525 1378 579 plerique
1414 538 1580 566 conces-

118 605 256 647 serint.
302 598 435 639 Minus
461 600 571 636 certa
601 607 670 634 res
703 599 765 633 est
796 592 836 632 in
868 592 918 632 iis
952 606 1051 645 quae
1077 593 1286 646 subjiciam
1318 594 1579 645 fragmentis,

116 674 193 715 nisi
220 670 327 711 enim
358 666 578 707 vex-bonum
618 662 907 715 explicationes
950 663 1002 703 iis
1034 664 1363 711 continerentur,
1409 676 1458 703 ne
1493 664 1581 716 ipse

118 741 279 796 quidem
309 738 356 777 de
389 735 543 776 Glossis
577 733 834 786 cogitassem.

254 805 352 849 XXI
383 805 511 858 Etym.
543 803 593 843 M.
622 816 659 855 p.
691 802 760 851 39,
794 802 847 842 9.
892 794 1145 858 Λὶσυηῖηρ,
1179 796 1236 852 ἅς
1263 801 1343 855 μέν
1377 817 1513 853 τινες,
1554 797 1579 843 ὁ

115 874 317 935 ἐντρεχὴς
347 872 423 915 καὶ
453 870 804 927 κεκοσμημένος·
846 885 938 912 τινε
928 885 963 920 ·ς
996 868 1045 912 δὲ
1079 869 1280 912 νεανιᾝαν
1325 870 1582 927 Νίκανδρος

115 946 274 1002 νομέα·
295 941 499 1001 (Όμηρος
529 939 579 984 δὲ
611 939 785 995 μᾶλλον
815 937 894 983 ἐπὶ
925 940 1006 981 τοῦ
1038 937 1230 994 κοσμίου
1261 939 1336 983 καὶ
1355 937 1581 997 καθήκον-

116 1032 192 1067 τος
219 1015 309 1058 κτλ.
338 1039 391 1044 -
433 1013 622 1055 Nicandri
655 1013 870 1065 explicatio
903 1012 1007 1065 apud
1040 1013 1153 1054 Eust.
1177 1013 1286 1053 redit
1308 1012 1489 1065 p.1353,
1511 1011 1580 1061 55,

116 1083 228 1128 κατὰ
261 1082 311 1126 δέ
340 1096 465 1131 τινας
495 1077 661 1134 νομεὺς
694 1087 733 1122 et
767 1082 834 1135 qui
866 1082 1057 1134 pinguius
1087 1078 1386 1137 χοιροβοσκὸς
1416 1082 1579 1131 addunt,

116 1155 278 1196 Suidam
320 1159 358 1193 et
399 1152 607 1192 Zonaram.
669 1151 749 1191 Sed
781 1151 944 1192 mireris
977 1151 1018 1191 in
1051 1145 1180 1200 ἅπαξ
1210 1145 1428 1207 εἰρημένῳ
1460 1153 1579 1194 talem

117 1224 511 1278 interpretationem,
545 1222 606 1262 cui
642 1234 774 1275 neque
805 1222 1043 1275 etymologia
1070 1234 1202 1275 neque
1234 1222 1431 1276 enuntiati
1463 1229 1579 1263 natu-

115 1308 157 1334 ra
190 1295 229 1334 in
263 1294 308 1333 ll.
343 1288 398 1337 Ω,
434 1291 531 1331 347.
564 1291 680 1330 favet.
750 1290 890 1344 Itaque
926 1304 1072 1330 vereor
1104 1304 1155 1330 ne
1186 1290 1390 1330 Nicander
1422 1283 1579 1345 αἷσυη-

114 1359 196 1418 τηρ
225 1375 298 1415 per
327 1357 486 1414 νόμιος
516 1361 805 1414 interpretatus
839 1361 904 1410 sit,
938 1361 1042 1401 utin
1068 1360 1201 1401 Schol.
1232 1360 1383 1401 Veneto
1416 1361 1578 1413 legitur,

114 1446 159 1472 eo
191 1432 440 1485 significatu,
472 1444 591 1484 quem
620 1431 840 1484 Hesychius
874 1431 1038 1471 exhibet
1068 1425 1451 1481 νόμιος.δίκαιος.

249 1502 369 1542 XXII.
400 1501 567 1553 Hesych.
588 1497 767 1552 μέσκος,
793 1494 978 1550 κώδιον,
999 1497 1164 1555 δέρμα·
1196 1497 1463 1555 Νίκανδρος.
1486 1500 1579 1541 Usi-

114 1572 231 1612 tatius
264 1577 326 1612 est
357 1567 538 1623 πέσκος,
572 1570 678 1623 quod
711 1570 907 1611 corticem
940 1570 1089 1611 radicis
1120 1576 1230 1610 notat
1262 1571 1302 1611 in
1336 1571 1456 1610 Ther.
1479 1570 1578 1621 548,

112 1641 174 1681 vel
202 1637 351 1689 πέκος.

248 1710 390 1751 XXIII.
445 1710 558 1763 Apud
599 1710 790 1751 eundem:
834 1702 1074 1761 ἆθελβεῖν.
1100 1705 1242 1751 ἕλκε-ιν
1264 1742 1272 1750 .
1295 1706 1578 1768 Νίκανδρος.

111 1781 323 1834 Sequitur:
357 1773 583 1835 ἅθέλγειν.
644 1780 781 1833 Ipsum
815 1773 1028 1834 ἀθέλγειν
1061 1793 1133 1833 pro
1168 1774 1382 1834 ἀθελβεῖν
1418 1783 1577 1824 utrobi-

113 1866 187 1906 que
210 1859 334 1903 recte,
357 1853 514 1906 opinor,
548 1853 592 1894 H.
614 1852 862 1906 Stephanus;
892 1852 997 1906 quod
1020 1852 1260 1893 vocabulum
1283 1854 1472 1907 quoniam
1497 1868 1577 1896 non

110 1923 282 1963 Atticum
315 1931 390 1971 est,
414 1936 546 1976 neque
578 1924 627 1963 de
648 1923 892 1976 Thyatireno
923 1935 1013 1963 cum
1044 1923 1239 1975 Sopingio
1269 1929 1309 1963 et
1334 1923 1485 1964 Meiero
1508 1939 1577 1965 co-

111 1992 314 2043 gitandum
334 1993 503 2034 videtur.
565 1993 644 2033 Sed
668 1992 854 2045 Hesychii
875 1992 1006 2033 locum
1028 1993 1146 2033 verba
1176 1993 1355 2033 Erotiani
1387 1993 1427 2033 in
1453 1994 1575 2045 gloss.

109 2062 298 2114 Hippocr.
330 2077 363 2103 v.
397 2056 649 2118 ἂθέλγηται
675 2062 895 2114 excipiant:
938 2057 1159 2111 Βακχεῖός
1188 2073 1301 2116 φησι
1320 2059 1576 2117 θηλάζηται

108 2122 139 2183 ἢ
156 2126 419 2172 ἐπισπᾶται.
481 2125 688 2186 Ἐπικλῆς
715 2128 765 2173 δὲ
786 2127 1047 2189 ἕκπιέζηται
1077 2127 1154 2171 καὶ
1191 2127 1482 2187 ἑκθλίβηται,
1515 2125 1576 2181 (ὗς

111 2195 185 2239 καὶ
216 2196 473 2257 Νίκανδρος
504 2196 739 2256 ἐξηγεῖται,
771 2202 809 2240 h.
836 2214 871 2241 e.
902 2202 1087 2253 sugendo
1118 2201 1296 2241 detraho.

246 2272 379 2313 XXIV.
439 2271 609 2324 Hesych.
647 2285 683 2312 V.
723 2268 878 2326 τριτῶ;
919 2267 1175 2326 Νίκανδρος
1213 2263 1238 2310 o‘
1273 2266 1575 2325 Κολοφώνιός

109 2351 220 2394 φησι
239 2336 319 2397 τὴν
341 2337 542 2397 κεφαλὴν
568 2341 691 2394 (adde
716 2336 854 2393 οὕτω)
876 2337 1028 2381 καλεῖν
1049 2333 1335 2392 'Aa-amhae.
1368 2340 1426 2380 Cf.
1459 2341 1573 2382 Suid.

112 2414 150 2447 et
186 2409 298 2451 Phot.
333 2424 364 2451 s.
394 2424 429 2450 v.
461 2410 643 2452 Eustatli.
682 2423 719 2463 p.
752 2408 860 2458 504,
904 2407 973 2449 24.
1032 2409 1138 2449 Haec
1169 2409 1279 2449 notio
1312 2409 1467 2450 Cretica
1500 2416 1573 2451 est.

108 2477 268 2520 Aeolica
282 2480 791 2533 diciturSchol.Aristoph.
816 2485 853 2520 et
869 2480 1044 2520 Diacono
1066 2480 1116 2519 ad
1127 2477 1450 2532 Hesiod.p.203.
1465 2480 1573 2533 Lips.

243 2550 354 2592 XXV.
415 2551 586 2605 Hesycli.
617 2563 653 2591 v,
686 2547 831 2599 κλίσις
859 2551 904 2604 (Ι.
933 2537 1123 2604 κλισῖη);
1166 2545 1317 2605 σκηνή.
1350 2548 1571 2607 καθέδρα.

108 2612 182 2657 καὶ
212 2611 238 2672 ἡ
272 2613 463 2669 ἔπαυλις
502 2614 598 2661 ἀπὸ
632 2619 712 2661 τοῦ
737 2614 977 2661 utinam-fiac
1006 2615 1052 2661 ἐν
1088 2613 1202 2676 αὐτῇ
1226 2615 1283 2660 τὰ
1313 2618 1571 2676 θρέμματα.

108 2681 180 2725 καὶ
209 2686 448 2745 πρόθυρον
475 2685 745 2746 Νίκανδρος.
806 2690 995 2731 Extrema
1026 2690 1174 2731 desunt
1205 2691 1246 2731 in
1266 2690 1449 2743 Apollon.
1472 2691 1572 2733 Lex.

107 2764 144 2803 h.
178 2753 281 2807 100,
313 2758 377 2799 16.
408 2759 532 2800 Bekk.
565 2760 754 2802 Ceterum
788 2761 838 2801 de
870 2760 1115 2815 Thyatireuo
1140 2761 1229 2802 sine
1267 2773 1385 2802 causa
1417 2761 1571 2815 cogita-

109 2822 163 2864 vit
192 2824 355 2883 Soping.
