1811 3132
913 132 972 179 30

208 261 314 304 ctas,
353 258 398 296 ut
438 254 481 295 in
520 254 867 309 Alexipharmacis
907 260 948 297 et
978 255 1189 298 Theriacis
1220 267 1371 297 venena
1403 258 1609 299 recensuit
1634 262 1675 298 et

208 325 373 367 bestias.
437 325 638 367 Unitatem
681 326 845 380 quidem
884 327 1111 379 argumenti
1151 327 1416 382 callidamque
1448 328 1674 369 iuncturam

207 409 350 449 parum
379 408 471 438 eum
504 409 670 438 curasse
700 408 942 450 persuasum
973 397 1116 439 babeo.
1178 397 1259 439 Sed
1291 397 1400 439 aliud
1431 403 1493 439 est
1523 398 1573 439 de
1601 411 1670 439 ve-

207 465 326 506 nenis
358 478 523 506 narrare
556 471 595 506 et
614 477 753 506 morsu
787 466 1053 519 serpentium,
1085 466 1195 507 aliud
1226 466 1415 520 ingentes
1444 466 1671 508 fabularum

207 535 344 589 copias
377 535 640 589 depromere:
672 536 777 590 quod
806 536 1012 589 negotium
1044 536 1133 578 sine
1165 536 1308 578 ordine
1340 541 1381 578 et
1411 536 1581 579 consilio
1602 536 1673 578 Ni-

210 604 410 646 candrum
446 606 675 659 perfecisse
716 619 763 647 eo
793 607 929 649 minus
960 592 1070 648 credi
1101 612 1255 660 potest,
1299 619 1390 649 cum
1422 608 1552 651 Αἴτια
1582 608 1671 649 Cal-

206 674 389 725 limachi,
431 687 532 730 quae
567 676 738 731 reliquis
780 676 1062 731 antiquitatum
1096 676 1395 719 enarrator-ibus
1426 690 1500 731 pro
1531 689 1672 718 norma

207 745 392 793 fuerunt,
433 745 584 797 optimo
625 747 768 787 ordine
798 747 1099 799 processerint,
1141 759 1262 801 quem
1293 753 1386 799 post
1417 747 1671 800 splendidam

207 813 366 855 Ottonis
395 812 635 854 Schneideri
665 814 979 868 disputationem
1011 815 1188 857 alienum
1221 820 1284 856 est
1312 814 1528 868 explicare.
1592 815 1669 856 Ce—

206 888 336 924 terum
362 883 483 925 talem
515 884 739 926 fabularum
771 897 1007 938 compagem
1041 891 1080 926 et
1120 897 1309 926 coronam
1340 885 1556 926 artificiose
1599 897 1671 926 ne-

206 966 296 994 xam
340 953 497 1007 qualem
529 954 814 996 felicissimum
848 955 980 996 Ovidii
1014 955 1224 1008 ingenium
1256 954 1449 1003 exhibuit,
1480 967 1532 995 ne
1563 954 1671 995 sere-

207 1023 273 1065 bat
304 1023 469 1078 quidem
500 1025 863 1066 Alexandrinorum
894 1030 1104 1077 poetarum
1137 1024 1263 1072 ratio,
1297 1024 1365 1077 qui
1396 1035 1486 1064 cum
1517 1022 1670 1063 doctri-

206 1106 297 1134 nam
347 1094 567 1147 diligenter
607 1109 628 1135 e
665 1095 885 1136 reconditis
924 1094 1104 1135 sontibus
1147 1093 1416 1146 undecunque
1461 1090 1669 1133 collectam

206 1164 479 1217 explanarent,
512 1165 703 1207 nolebant
726 1171 856 1206 tamen
885 1165 1062 1219 propriis
1088 1163 1329 1206 commentis
1358 1162 1571 1217 quicquam
1593 1174 1669 1202 no·

204 1244 311 1273 vare.
372 1233 538 1274 Similes
578 1234 740 1274 fuerunt
768 1233 958 1274 Nicandri
987 1232 1191 1281 rationes,
1222 1242 1341 1285 quem
1373 1228 1669 1282 Metamorpho-

206 1302 313 1343 sium
343 1303 566 1357 fragmenta
598 1304 876 1345 demonstrant
920 1303 1073 1344 fabulas
1116 1302 1358 1356 plerumque
1405 1300 1465 1341 sic
1506 1311 1668 1340 narras-

206 1384 269 1421 se,
311 1377 355 1412 ut
394 1385 415 1413 a
446 1373 697 1425 singularum
728 1374 939 1426 regionum
971 1372 1117 1414 incolis
1149 1376 1359 1424 acceperat
1388 1369 1454 1410 vel
1485 1374 1668 1421 acceptas

204 1440 370 1493 legerat.
432 1441 535 1483 Hinc
584 1442 702 1483 toties
742 1443 849 1483 hunc
888 1442 1053 1482 illumve
1093 1445 1271 1481 montem
1311 1438 1486 1490 lapidem
1518 1439 1668 1477 fontem

206 1510 424 1551 etiamnum
453 1516 561 1551 certo
591 1512 764 1565 quodam
795 1512 959 1552 nomine
986 1515 1201 1564 certasque
1233 1508 1458 1549 fabularum
1489 1507 1541 1547 ob
1575 1519 1669 1547 cau-

205 1592 272 1621 sas
302 1581 529 1634 nuncupari
561 1582 695 1622 tradit.
758 1581 801 1622 ln
838 1581 1009 1636 reliquis
1051 1580 1295 1633 scriptorum
1335 1576 1524 1630 vestigia,
1568 1587 1669 1629 quos

205 1654 393 1691 auctores
425 1650 503 1691 sibi
532 1650 749 1703 delegerat,
784 1662 925 1703 presse
957 1654 1120 1691 secutus
1153 1654 1225 1689 est.

347 1721 459 1771 Quae
490 1733 582 1761 cum
611 1720 663 1762 ita
695 1721 799 1770 sint,
837 1721 1010 1763 fortasse
1041 1732 1122 1761 non
1155 1718 1306 1761 absone
1339 1716 1389 1758 de
1417 1727 1523 1757 nexu
1553 1714 1670 1757 fabu-

207 1790 334 1830 larum
358 1790 400 1830 in
424 1790 760 1831 Heteroeumenis
789 1790 956 1831 videbor
986 1789 1203 1837 iudicasse,
1234 1788 1268 1828 si
1299 1786 1543 1827 Nicandrum
1568 1790 1670 1825 tam-

206 1871 323 1913 quam
355 1859 397 1899 in
430 1859 639 1900 itinerario
672 1860 732 1899 vel
763 1856 1001 1914 περιηγήσει
1033 1859 1226 1913 quadam,
1271 1857 1319 1897 ab
1349 1854 1572 1900 Acarnania
1607 1854 1670 1894 in-

206 1929 445 1982 cipientem,
477 1929 774 1970 reconditiores
809 1928 1040 1970 Thessaliae
1061 1926 1254 1969 Phocidis
1282 1924 1462 1966 Aetoliae
1482 1923 1668 1964 Boeotiae

206 1998 375 2046 fabulas,
411 2003 609 2052 quatenus
633 1999 681 2039 ad
711 1997 1106 2039 transformationem
1129 1996 1303 2049 aliquam
1323 1998 1566 2047 spectarent,
1599 2004 1669 2033 ex-

203 2067 417 2119 posuisse,
464 2068 776 2120 geographicum
816 2080 913 2108 vero
954 2073 997 2108 ut
1038 2067 1092 2108 ita
1124 2066 1253 2107 dicam
1286 2062 1527 2105 narrationis
1559 2062 1668 2103 [ilum

205 2136 423 2189 episodiis,
465 2137 626 2191 quoties
668 2137 708 2178 id
750 2150 796 2178 ex
836 2138 896 2179 rei
938 2142 1077 2179 natura
1108 2136 1195 2178 fieri
1227 2139 1387 2189 posset,
1432 2131 1668 2175 distinxisse

205 2220 421 2248 censuero.
482 2208 591 2249 Haec
622 2208 785 2262 quidem
818 2208 1043 2257 sententia,
1069 2208 1222 2256 fateor,
1257 2205 1366 2246 nullo
1398 2209 1577 2245 veterum
1609 2209 1669 2244 te-

204 2276 396 2317 stimonio
428 2277 630 2327 firmatur,
664 2290 738 2320 nec
770 2284 902 2320 tamen
935 2284 999 2320 est
1029 2278 1137 2319 omni
1169 2277 1254 2318 veri
1291 2275 1559 2317 similitudine
1598 2273 1669 2314 de-

205 2345 356 2386 stituta.
417 2346 515 2386 Nam
547 2352 590 2386 ut
620 2347 856 2400 fragmentis
886 2347 1005 2400 primi
1034 2346 1128 2386 libri
1156 2351 1256 2394 utar,
1288 2357 1333 2385 ea
1364 2355 1533 2396 prorsus
1565 2342 1669 2384 circa

203 2415 470 2457 Acarnaniam
500 2421 538 2457 et
567 2416 775 2459 inferioris
809 2417 1043 2459 Thessaliae
1083 2416 1272 2470 regiones
1302 2419 1526 2455 versantur.

342 2488 524 2529 Primum
557 2495 661 2530 extat
692 2490 797 2542 apud
828 2490 1016 2542 Stephan.
1055 2489 1147 2541 Byz.
1182 2500 1218 2527 v,
1250 2482 1570 2528 Ἀσπαλάθεια.
1597 2481 1668 2525 Ἀ.

201 2553 329 2608 πόλις
359 2561 542 2612 Ταφίων.
575 2558 809 2615 Νίκανδρος
838 2560 1158 2613 ἕτεροιουμένων
1189 2552 1356 2616 πρώτῃ·

630 2627 942 2675 Ἀσπαλάθεια
972 2625 1192 2685 βοὴροτος.

205 2705 349 2760 Taphii
388 2704 430 2745 in
468 2701 614 2744 insulis
645 2701 820 2742 Ithacam
863 2696 1243 2740 circumiacentibus
1284 2693 1393 2755 etin
1430 2692 1517 2744 ipsa
1549 2690 1671 2730 Acar-

204 2776 323 2817 nania
362 2773 586 2831 antiquitus
620 2770 864 2813 habitabant.
926 2767 1135 2811 Accedunt
1168 2764 1347 2819 quinque
1381 2759 1536 2802 fabulae
1565 2757 1671 2811 apud

203 2846 474 2895 Antoninum,
517 2855 687 2898 quarum
721 2854 799 2886 una
834 2855 869 2883 c.
913 2837 970 2880 22
1015 2838 1065 2881 de
1091 2835 1287 2880 Cerambo
1332 2833 1431 2886 (non
1469 2836 1514 2873 ut
1552 2829 1675 2881 vulgo
