1811 3132
951 110 1009 155 36

214 247 350 276 rerum
381 232 623 275 naturalium
646 232 832 286 petitum.
894 233 1076 282 Quorum
1100 226 1249 275 ἰάσεων
1269 230 1487 288 συναγωγὴ
1519 238 1559 273 et
1588 248 1689 287 προ·

212 300 417 360 γνωστικά
456 316 626 358 prorsus
667 303 894 357 perierunt.
967 302 1238 356 Ophiacorum
1284 307 1420 344 autem
1451 303 1686 345 memoriam

212 376 408 416 nonnulla
436 381 650 416 servarunt
674 375 911 428 fragmenta,
939 373 985 414 in
1022 373 1168 428 quihus
1201 373 1496 426 componendis
1539 373 1684 427 paulu-

217 445 302 487 lum
334 445 564 487 consistere
597 446 704 487 licet.

362 515 509 556 Suidas
550 517 658 556 inter
705 516 835 556 libros
888 516 1052 569 quidem
1095 515 1288 555 Nicandri
1332 516 1562 568 Ophiaca
1607 529 1687 556 non

215 584 558 634 commemoravit,
589 585 665 627 sed
691 585 732 625 in
764 585 843 625 vita
859 585 1075 637 Pamphili,
1111 584 1160 625 de
1191 597 1269 637 quo
1300 584 1420 625 modo
1453 585 1550 634 dixi,
1582 585 1690 625 hunc

215 654 435 707 scripsisse
468 656 524 705 εἷς
551 651 603 696 τὰ
622 649 864 705 Νικάιδρου
880 650 1110 708 ἆνεξήγητα
1140 652 1208 694 καὶ
1229 651 1281 694 τὰ
1306 649 1543 707 καλούμενα
1568 652 1692 707 ὄφια-

215 721 282 776 κά,
316 723 462 764 tradit:
491 736 583 763 nam
616 723 669 763 ita
702 736 776 775 pro
799 723 958 764 vitiosis
986 723 1184 764 librorum
1219 723 1433 776 scripturis
1466 721 1596 767 ὀπικά
1627 724 1690 764 vel

217 789 356 844 ὀφακὰ
395 804 485 832 cum
524 791 726 831 Kuestero
756 791 971 843 legendum
1005 797 1088 840 cst,
1121 792 1170 833 cs.
1199 791 1377 833 Lohcck.
1410 792 1618 845 Patliolog.
1650 805 1689 844 p.

222 857 322 901 315.
379 857 565 913 Ὀφιακὰ
581 865 712 900 autem
732 860 837 914 quod
859 866 1140 914 argumentum
1173 861 1381 902 traetarint
1412 867 1492 902 tam
1520 874 1568 903 ex
1599 862 1689 915 ipso

215 931 381 972 nomine
416 930 645 983 colligimus
689 943 808 984 quam
851 943 897 970 ex
938 930 1088 971 indicio
1131 930 1264 972 Schol.
1298 930 1418 972 Ther.
1461 930 1544 974 377
1587 932 1688 973 hoc:

220 1002 338 1045 Φασὶ
369 999 415 1044 δὲ
444 996 546 1057 μήτε
565 997 673 1055 ξύλῳ
700 998 809 1055 μηθ’
843 1001 967 1056 ἑτέρῳ
988 1001 1068 1043 τινὶ
1089 998 1369 1056 ἀναιρεῖσθαι
1390 1000 1436 1043 τὸ
1468 1001 1569 1056 ζῷον
1597 999 1691 1056 (τὴν

215 1068 523 1126 ἀμφίσβαιναν)
562 1072 599 1111 εἶ
635 1067 690 1125 μὴ
731 1068 924 1125 ἀμπέλῳ·
965 1072 1036 1113 καὶ
1068 1068 1200 1123 αὐτὸς
1241 1068 1278 1112 δ’
1311 1070 1334 1114 ὃ
1374 1069 1610 1126 Νίκανδρος
1647 1072 1691 1113 ἐν

215 1145 304 1189 τοῖς
323 1137 536 1192 Ὄφιακοῖς
567 1154 670 1193 φησι
693 1136 903 1181 Διόνυσον
931 1141 1093 1195 ἐμμανῆ
1119 1136 1340 1193 γενόμενον
1370 1138 1451 1182 ὑπὸ
1477 1133 1692 1194 τῆςἽΙρας

215 1208 430 1259 timebam,
470 1207 544 1261 τὴν
580 1206 626 1251 δὲ
664 1206 956 1264 ἇμφίσβαιναν
986 1207 1170 1264 πεδῆσαι
1202 1207 1332 1252 αὐτοῦ
1365 1205 1417 1252 τὰ
1452 1210 1587 1264 σκέλη,
1619 1207 1693 1252 τὸν

219 1277 255 1319 δ’
307 1275 550 1322 ἀναστάντα
592 1277 659 1320 καὶ
700 1277 915 1333 πλήξαντα
952 1281 1008 1333 τῷ
1050 1275 1229 1334 κλήματι
1270 1276 1398 1334 αὐτὴν
1436 1276 1689 1322 ἀποκτεῖναι.

219 1343 325 1392 ὅθεν
356 1350 416 1391 ἔτι
447 1351 518 1392 καὶ
550 1350 625 1392 νῦν
657 1347 839 1404 κλήματι
872 1347 1056 1406 τελευιᾷ.

354 1419 435 1460 Iam
479 1433 570 1460 cum
602 1419 805 1460 Nicander
844 1420 884 1459 in
917 1420 1007 1460 aliis
1036 1420 1174 1469 libris,
1217 1433 1388 1473 quorum
1419 1420 1475 1460 'ad
1507 1424 1685 1460 nostram

217 1495 389 1531 aetatem
422 1489 818 1543 pervenitmemoria
852 1489 899 1529 de
932 1489 1194 1543 serpentibus
1215 1489 1294 1530 nisi
1327 1489 1471 1530 leviter
1503 1502 1583 1530 non
1610 1496 1691 1530 tra—

221 1561 300 1608 dat,
333 1561 432 1601 milii
464 1561 630 1613 quidem
664 1566 978 1600 consentancum
1012 1561 1170 1600 videtur
1209 1560 1342 1599 onmia
1370 1560 1561 1599 Nicandri
1609 1560 1690 1599 sra-

222 1635 405 1683 gmcnta‚
441 1630 590 1684 quilius
630 1629 705 1670 alia
734 1630 783 1670 de
823 1630 1080 1682 serpentibus
1116 1629 1324 1670 tradantur
1358 1642 1475 1683 quain
1508 1629 1548 1669 in
1583 1629 1689 1669 Tlic-

222 1702 368 1749 riacis,
406 1701 453 1740 ad
496 1701 670 1753 Opliiaca
711 1702 883 1740 referre.
956 1701 1110 1740 Eodem
1144 1701 1268 1752 igitur
1293 1700 1556 1748 retrahenda,
1592 1713 1691 1753 quae

224 1773 378 1813 Aelian.
413 1772 459 1812 Il.
493 1771 538 1812 A.
567 1771 671 1820 VIII,
701 1770 727 1811 8
758 1771 899 1811 habet:
927 1768 1232 1825 Ἀμφισβαίνης
1263 1767 1308 1812 δὲ
1340 1766 1417 1826 τὴν
1446 1767 1578 1823 δορὰν
1606 1773 1690 1827 βα-

224 1846 370 1898 κτηρίᾳ
400 1843 682 1895 περικειμένην
709 1839 896 1883 ἐλαίνειν
925 1840 1031 1891 λέγει
1055 1838 1285 1893 Νίκανδρος
1313 1836 1412 1888 τοὺς
1443 1836 1565 1890 ὄφεις
1588 1836 1691 1881 πάν-

223 1930 298 1963 τας
335 1913 405 1957 καὶ
446 1909 497 1954 τὰ
526 1909 634 1954 ἄλλα
672 1911 780 1966 ζῷα,
822 1903 904 1953 ὅσα
935 1907 990 1966 μὴ
1030 1905 1238 1953 δάκνοντα
1269 1908 1366 1964 μὲν,
1397 1912 1606 1952 παίσαντα
1647 1906 1692 1951 δὲ

222 1982 396 2036 ἇναιρεῖ.
456 1982 565 2022 llaec
609 1981 716 2021 enim
755 1982 801 2021 ad
837 1982 958 2021 Ther.
992 1994 1027 2021 v.
1060 1980 1143 2020 377
1178 1986 1362 2032 spectare
1388 1993 1469 2019 non
1502 1985 1687 2032 possunt,

219 2055 290 2094 sed
318 2055 588 2105 fragmentum
621 2051 743 2100 illud,
787 2053 894 2105 quod
939 2052 1074 2104 priore
1100 2051 1189 2091 loeo
1220 2051 1353 2103 posui,
1384 2049 1594 2102 excepisse
1630 2049 1690 2089 vi-

220 2124 379 2163 dentur.
440 2122 568 2161 l’orro
608 2120 783 2172 Opliiaca
824 2121 1049 2173 respiciunt
1097 2120 1218 2160 Plinii
1261 2119 1381 2160 verba
1414 2119 1461 2160 11.
1493 2119 1538 2159 N.
1570 2119 1689 2169 XXX,

220 2191 302 2230 25:
336 2190 702 2238 „Perfrictionibus
736 2190 919 2229 remedio
951 2202 1042 2229 esse
1067 2189 1187 2229 tradit
1208 2189 1410 2228 Nicander
1434 2188 1683 2241 amphisbae-

222 2273 313 2301 nam
354 2265 550 2300 mortuam
600 2258 876 2311 {ulailligatam⁹
914 2259 978 2298 vel
1019 2259 1165 2311 pellem
1208 2263 1358 2299 tantum
1404 2258 1508 2299 eius.
1581 2259 1687 2308 Quin

221 2331 346 2371 immo
387 2329 522 2370 arbori
574 2342 675 2382 quac
716 2329 906 2370 caedatur
937 2329 1148 2381 adalligata
1179 2342 1258 2369 non
1308 2328 1442 2380 algere
1474 2328 1688 2370 caedentes

222 2400 466 2452 faciliusque
489 2398 714 2439 succidere.
776 2399 917 2452 Itaque
950 2399 1033 2439 sola
1059 2398 1309 2451 serpentium
1335 2398 1472 2449 frigori
1504 2412 1548 2438 se
1582 2413 1691 2439 com-

221 2470 356 2518 mittit,
388 2469 516 2522 prima
549 2468 727 2508 onmium
746 2468 974 2521 procedens
1003 2474 1041 2508 et
1067 2474 1159 2509 ante
1188 2468 1319 2509 cuculi
1353 2471 1556 2509 cantum.“
1618 2470 1690 2510 ln-

221 2539 342 2579 tcrim
374 2550 454 2577 non
485 2538 718 2587 negaverim
760 2538 920 2577 doctum
953 2537 1183 2586 hominem,
1226 2537 1296 2577 scd
1332 2537 1605 2589 negligentius
1647 2538 1688 2577 in

225 2607 392 2649 Graccis
441 2606 709 2658 compilandis
759 2612 985 2656 versatum,
1041 2607 1328 2648 Theriaccwum
1381 2621 1521 2649 versus
1566 2609 1687 2648 modo

224 2679 353 2719 dictos
384 2689 598 2729 perperam
641 2676 905 2716 intellexisse.

361 2747 549 2788 Formam
590 2751 721 2786 autem
761 2745 953 2786 carminis
985 2745 1204 2798 elegiacam
1246 2746 1323 2786 duo
1356 2746 1404 2786 ab
1437 2746 1576 2786 codem
1610 2749 1687 2787 Ae-

223 2818 332 2859 liano
366 2823 522 2857 servata
554 2819 776 2869 fragmenta
808 2817 1068 2867 coufirmant3
1100 2816 1268 2856 alterum
1302 2815 1468 2864 ll.A.X‚
1489 2816 1570 2864 493
