<?xml version="1.0" encoding="UTF-8"?>
<!DOCTYPE html PUBLIC "-//W3C//DTD XHTML 1.0 Transitional//EN"
    "http://www.w3.org/TR/xhtml1/DTD/xhtml1-transitional.dtd">
<html xmlns="http://www.w3.org/1999/xhtml" xml:lang="en" lang="en">
 <head>
  <title>
</title>
<meta http-equiv="Content-Type" content="text/html;charset=utf-8" />
  <meta name='ocr-system' content='tesseract 3.04.00' />
  <meta name='ocr-capabilities' content='ocr_page ocr_carea ocr_par ocr_line ocrx_word'/>
</head>
<body>
  <div class='ocr_page' id='page_1' title='image "4737209_0032.png"; bbox 0 0 1811 3132; ppageno 0'>
   <div class='ocr_carea' id='block_1_1' title="bbox 919 112 979 159">
    <p class='ocr_par' dir='ltr' id='par_1_1' title="bbox 919 112 979 159">
     <span class='ocr_line' id='line_1_1' title="bbox 919 112 979 159; baseline 0 0"><span class='ocrx_word' id='word_1_1' title='bbox 919 112 979 159; x_wconf 80' lang='lat'>20</span> 
     </span>
    </p>
   </div>
   <div class='ocr_carea' id='block_1_2' title="bbox 206 234 1687 2620">
    <p class='ocr_par' dir='ltr' id='par_1_2' title="bbox 206 234 1687 1550">
     <span class='ocr_line' id='line_1_2' title="bbox 209 234 1681 290; baseline -0.004 -10"><span class='ocrx_word' id='word_1_2' title='bbox 209 239 355 281; x_wconf 86' lang='lat' dir='ltr'>eodem</span> <span class='ocrx_word' id='word_1_3' title='bbox 396 237 446 278; x_wconf 90' lang='lat' dir='ltr'>de</span> <span class='ocrx_word' id='word_1_4' title='bbox 485 236 620 290; x_wconf 88' lang='lat' dir='ltr'>poetis</span> <span class='ocrx_word' id='word_1_5' title='bbox 653 235 781 284; x_wconf 90' lang='lat' dir='ltr'>libro,</span> <span class='ocrx_word' id='word_1_6' title='bbox 830 235 874 276; x_wconf 91' lang='lat' dir='ltr'>in</span> <span class='ocrx_word' id='word_1_7' title='bbox 912 247 991 288; x_wconf 87' lang='lat' dir='ltr'>quo</span> <span class='ocrx_word' id='word_1_8' title='bbox 1037 246 1170 288; x_wconf 86' lang='lat' dir='ltr'>neque</span> <span class='ocrx_word' id='word_1_9' title='bbox 1213 235 1276 276; x_wconf 92' lang='lat' dir='ltr'>sui</span> <span class='ocrx_word' id='word_1_10' title='bbox 1308 234 1522 275; x_wconf 86' lang='lat' dir='ltr'>immemor</span> <span class='ocrx_word' id='word_1_11' title='bbox 1551 234 1681 276; x_wconf 81' lang='lat' dir='ltr'>fuerat</span> 
     </span>
     <span class='ocr_line' id='line_1_3' title="bbox 206 302 1680 359; baseline -0.001 -10"><span class='ocrx_word' id='word_1_12' title='bbox 206 307 421 357; x_wconf 84' lang='lat' dir='ltr'>Nicander,</span> <span class='ocrx_word' id='word_1_13' title='bbox 451 307 587 348; x_wconf 84' lang='lat' dir='ltr'>hausit</span> <span class='ocrx_word' id='word_1_14' title='bbox 615 310 758 347; x_wconf 80' lang='lat' dir='ltr'>auctor</span> <span class='ocrx_word' id='word_1_15' title='bbox 784 306 929 359; x_wconf 79' lang='grc' dir='ltr'><strong><em>γένους</em></strong></span> <span class='ocrx_word' id='word_1_16' title='bbox 956 302 1214 358; x_wconf 80' lang='grc' dir='ltr'><em>Νικάνδρου,</em></span> <span class='ocrx_word' id='word_1_17' title='bbox 1246 306 1287 346; x_wconf 92' lang='lat' dir='ltr'>in</span> <span class='ocrx_word' id='word_1_18' title='bbox 1320 305 1436 347; x_wconf 91' lang='lat' dir='ltr'>cuius</span> <span class='ocrx_word' id='word_1_19' title='bbox 1464 304 1581 346; x_wconf 90' lang='lat' dir='ltr'>initio</span> <span class='ocrx_word' id='word_1_20' title='bbox 1622 307 1680 347; x_wconf 74' lang='grc' dir='ltr'>ἱε-</span> 
     </span>
     <span class='ocr_line' id='line_1_4' title="bbox 207 371 1677 433; baseline -0.005 -11"><span class='ocrx_word' id='word_1_21' title='bbox 207 380 282 432; x_wconf 84' lang='grc' dir='ltr'>ρέα</span> <span class='ocrx_word' id='word_1_22' title='bbox 322 376 447 433; x_wconf 83' lang='grc' dir='ltr'><strong><em>φησὶν</em></strong></span> <span class='ocrx_word' id='word_1_23' title='bbox 483 374 614 421; x_wconf 78' lang='grc' dir='ltr'><strong><em>αὑτὸν</em></strong></span> <span class='ocrx_word' id='word_1_24' title='bbox 643 374 942 429; x_wconf 88' lang='lat' dir='ltr'>reponendum:</span> <span class='ocrx_word' id='word_1_25' title='bbox 984 376 1102 428; x_wconf 87' lang='lat' dir='ltr'>vulgo</span> <span class='ocrx_word' id='word_1_26' title='bbox 1132 371 1274 418; x_wconf 81' lang='grc' dir='ltr'><strong><em>αὐτόν.</em></strong></span> <span class='ocrx_word' id='word_1_27' title='bbox 1336 377 1526 417; x_wconf 87' lang='lat' dir='ltr'>Ceterum</span> <span class='ocrx_word' id='word_1_28' title='bbox 1556 374 1677 416; x_wconf 87' lang='lat' dir='ltr'>istum</span> 
     </span>
     <span class='ocr_line' id='line_1_5' title="bbox 209 446 1682 500; baseline -0.001 -13"><span class='ocrx_word' id='word_1_29' title='bbox 209 447 400 489; x_wconf 84' lang='lat' dir='ltr'><strong>Nicandri</strong></span> <span class='ocrx_word' id='word_1_30' title='bbox 432 447 580 488; x_wconf 91' lang='lat' dir='ltr'>librum</span> <span class='ocrx_word' id='word_1_31' title='bbox 612 446 799 488; x_wconf 89' lang='lat' dir='ltr'>versibus</span> <span class='ocrx_word' id='word_1_32' title='bbox 831 446 1068 487; x_wconf 87' lang='lat' dir='ltr'>adstrictum</span> <span class='ocrx_word' id='word_1_33' title='bbox 1100 446 1251 496; x_wconf 84' lang='lat' dir='ltr'>fuisse,</span> <span class='ocrx_word' id='word_1_34' title='bbox 1284 447 1511 500; x_wconf 81' lang='lat' dir='ltr'>fragmento</span> <span class='ocrx_word' id='word_1_35' title='bbox 1544 446 1586 486; x_wconf 90' lang='lat' dir='ltr'>in</span> <span class='ocrx_word' id='word_1_36' title='bbox 1615 458 1682 486; x_wconf 89' lang='lat' dir='ltr'>ea-</span> 
     </span>
     <span class='ocr_line' id='line_1_6' title="bbox 212 516 1681 570; baseline -0.001 -13"><span class='ocrx_word' id='word_1_37' title='bbox 212 518 306 558; x_wconf 86' lang='lat' dir='ltr'>dem</span> <span class='ocrx_word' id='word_1_38' title='bbox 336 516 529 558; x_wconf 83' lang='lat' dir='ltr'>Nicandri</span> <span class='ocrx_word' id='word_1_39' title='bbox 562 517 641 557; x_wconf 89' lang='lat' dir='ltr'>vita</span> <span class='ocrx_word' id='word_1_40' title='bbox 671 521 830 557; x_wconf 87' lang='lat' dir='ltr'>servato</span> <span class='ocrx_word' id='word_1_41' title='bbox 863 517 1099 557; x_wconf 90' lang='lat' dir='ltr'>docemur.“</span> <span class='ocrx_word' id='word_1_42' title='bbox 1132 538 1189 547; x_wconf 89' lang='lat'>—-</span> <span class='ocrx_word' id='word_1_43' title='bbox 1248 517 1423 570; x_wconf 88' lang='lat' dir='ltr'>Recepta</span> <span class='ocrx_word' id='word_1_44' title='bbox 1451 521 1584 558; x_wconf 87' lang='lat' dir='ltr'>autem</span> <span class='ocrx_word' id='word_1_45' title='bbox 1607 516 1681 557; x_wconf 91' lang='lat' dir='ltr'>hac</span> 
     </span>
     <span class='ocr_line' id='line_1_7' title="bbox 211 586 1681 641; baseline 0.001 -15"><span class='ocrx_word' id='word_1_46' title='bbox 211 587 494 628; x_wconf 80' lang='lat' dir='ltr'>emendatione</span> <span class='ocrx_word' id='word_1_47' title='bbox 545 586 758 640; x_wconf 83' lang='lat' dir='ltr'>sequentia</span> <span class='ocrx_word' id='word_1_48' title='bbox 805 587 927 627; x_wconf 90' lang='lat' dir='ltr'>verba</span> <span class='ocrx_word' id='word_1_49' title='bbox 959 599 1007 627; x_wconf 91' lang='grc' dir='ltr'>6ο</span> <span class='ocrx_word' id='word_1_50' title='bbox 1037 587 1168 640; x_wconf 87' lang='lat' dir='ltr'>magis</span> <span class='ocrx_word' id='word_1_51' title='bbox 1199 599 1394 641; x_wconf 86' lang='lat' dir='ltr'>perversa</span> <span class='ocrx_word' id='word_1_52' title='bbox 1424 587 1681 636; x_wconf 89' lang='lat' dir='ltr'>videbuntur,</span> 
     </span>
     <span class='ocr_line' id='line_1_8' title="bbox 213 656 1683 712; baseline -0.001 -14"><span class='ocrx_word' id='word_1_53' title='bbox 213 658 404 712; x_wconf 88' lang='lat' dir='ltr'>quoniam</span> <span class='ocrx_word' id='word_1_54' title='bbox 446 669 565 698; x_wconf 90' lang='lat' dir='ltr'>nemo</span> <span class='ocrx_word' id='word_1_55' title='bbox 606 670 688 698; x_wconf 95' lang='lat' dir='ltr'>non</span> <span class='ocrx_word' id='word_1_56' title='bbox 733 657 781 697; x_wconf 87' lang='lat' dir='ltr'>ad</span> <span class='ocrx_word' id='word_1_57' title='bbox 812 657 1006 698; x_wconf 85' lang='lat' dir='ltr'>Nicandri</span> <span class='ocrx_word' id='word_1_58' title='bbox 1036 656 1127 710; x_wconf 81' lang='grc' dir='ltr'><strong><em>περὶ</em></strong></span> <span class='ocrx_word' id='word_1_59' title='bbox 1156 658 1341 712; x_wconf 80' lang='grc' dir='ltr'><em>ποιητῶν</em></span> <span class='ocrx_word' id='word_1_60' title='bbox 1380 669 1543 698; x_wconf 87' lang='lat' dir='ltr'>carmen</span> <span class='ocrx_word' id='word_1_61' title='bbox 1574 657 1683 698; x_wconf 82' lang='lat' dir='ltr'>refe-</span> 
     </span>
     <span class='ocr_line' id='line_1_9' title="bbox 213 725 1682 781; baseline 0.001 -15"><span class='ocrx_word' id='word_1_62' title='bbox 213 725 339 767; x_wconf 88' lang='lat' dir='ltr'>renda</span> <span class='ocrx_word' id='word_1_63' title='bbox 372 740 417 767; x_wconf 88' lang='lat' dir='ltr'>ea</span> <span class='ocrx_word' id='word_1_64' title='bbox 449 740 540 768; x_wconf 88' lang='lat' dir='ltr'>esse</span> <span class='ocrx_word' id='word_1_65' title='bbox 569 727 765 769; x_wconf 90' lang='lat' dir='ltr'>censebit.</span> <span class='ocrx_word' id='word_1_66' title='bbox 827 727 907 768; x_wconf 90' lang='lat' dir='ltr'>Sed</span> <span class='ocrx_word' id='word_1_67' title='bbox 940 727 1130 781; x_wconf 89' lang='lat' dir='ltr'>quoniam</span> <span class='ocrx_word' id='word_1_68' title='bbox 1160 727 1245 767; x_wconf 88' lang='lat' dir='ltr'>veri</span> <span class='ocrx_word' id='word_1_69' title='bbox 1274 727 1475 768; x_wconf 87' lang='lat' dir='ltr'>dissimile</span> <span class='ocrx_word' id='word_1_70' title='bbox 1507 727 1682 777; x_wconf 87' lang='lat' dir='ltr'>videtur,</span> 
     </span>
     <span class='ocr_line' id='line_1_10' title="bbox 212 795 1683 850; baseline 0.003 -15"><span class='ocrx_word' id='word_1_71' title='bbox 212 795 317 836; x_wconf 90' lang='lat' dir='ltr'>hanc</span> <span class='ocrx_word' id='word_1_72' title='bbox 356 795 590 837; x_wconf 83' lang='lat' dir='ltr'>uberiorem</span> <span class='ocrx_word' id='word_1_73' title='bbox 630 796 727 837; x_wconf 90' lang='lat' dir='ltr'>olim</span> <span class='ocrx_word' id='word_1_74' title='bbox 764 797 883 838; x_wconf 88' lang='lat' dir='ltr'>vitam</span> <span class='ocrx_word' id='word_1_75' title='bbox 919 796 1111 838; x_wconf 83' lang='lat' dir='ltr'>Nicandri</span> <span class='ocrx_word' id='word_1_76' title='bbox 1164 803 1243 839; x_wconf 82' lang='lat' dir='ltr'>tam</span> <span class='ocrx_word' id='word_1_77' title='bbox 1286 798 1423 850; x_wconf 89' lang='lat' dir='ltr'>inepte</span> <span class='ocrx_word' id='word_1_78' title='bbox 1463 798 1683 839; x_wconf 84' lang='lat' dir='ltr'>breviatam</span> 
     </span>
     <span class='ocr_line' id='line_1_11' title="bbox 215 864 1681 920; baseline 0.003 -16"><span class='ocrx_word' id='word_1_79' title='bbox 215 864 366 915; x_wconf 81' lang='lat' dir='ltr'>fuisse,</span> <span class='ocrx_word' id='word_1_80' title='bbox 404 866 650 908; x_wconf 87' lang='lat' dir='ltr'>crediderim</span> <span class='ocrx_word' id='word_1_81' title='bbox 693 867 829 920; x_wconf 92' lang='lat' dir='ltr'>potius</span> <span class='ocrx_word' id='word_1_82' title='bbox 859 867 1097 920; x_wconf 91' lang='lat' dir='ltr'>interpolata</span> <span class='ocrx_word' id='word_1_83' title='bbox 1139 880 1232 908; x_wconf 85' lang='lat' dir='ltr'>esse</span> <span class='ocrx_word' id='word_1_84' title='bbox 1263 867 1407 917; x_wconf 87' lang='lat' dir='ltr'>verba,</span> <span class='ocrx_word' id='word_1_85' title='bbox 1451 867 1511 908; x_wconf 88' lang='lat' dir='ltr'>sic</span> <span class='ocrx_word' id='word_1_86' title='bbox 1541 872 1586 908; x_wconf 91' lang='lat' dir='ltr'>ut</span> <span class='ocrx_word' id='word_1_87' title='bbox 1616 880 1681 908; x_wconf 88' lang='lat' dir='ltr'>se-</span> 
     </span>
     <span class='ocr_line' id='line_1_12' title="bbox 216 934 1684 989; baseline 0.002 -16"><span class='ocrx_word' id='word_1_88' title='bbox 216 934 378 986; x_wconf 83' lang='lat' dir='ltr'>quentia</span> <span class='ocrx_word' id='word_1_89' title='bbox 405 935 455 974; x_wconf 89' lang='lat' dir='ltr'>ab</span> <span class='ocrx_word' id='word_1_90' title='bbox 490 947 539 975; x_wconf 86' lang='lat' dir='ltr'>eo</span> <span class='ocrx_word' id='word_1_91' title='bbox 563 936 948 987; x_wconf 80' lang='lat' dir='ltr'>proficiscerentur,</span> <span class='ocrx_word' id='word_1_92' title='bbox 982 936 1049 989; x_wconf 91' lang='lat' dir='ltr'>qui</span> <span class='ocrx_word' id='word_1_93' title='bbox 1082 948 1173 976; x_wconf 89' lang='lat' dir='ltr'>cum</span> <span class='ocrx_word' id='word_1_94' title='bbox 1207 936 1248 975; x_wconf 90' lang='lat' dir='ltr'>in</span> <span class='ocrx_word' id='word_1_95' title='bbox 1283 935 1574 977; x_wconf 88' lang='lat' dir='ltr'>Theriacorum</span> <span class='ocrx_word' id='word_1_96' title='bbox 1605 936 1684 976; x_wconf 85' lang='lat' dir='ltr'>fine</span> 
     </span>
     <span class='ocr_line' id='line_1_13' title="bbox 215 1000 1682 1056; baseline 0.003 -16"><span class='ocrx_word' id='word_1_97' title='bbox 215 1000 357 1041; x_wconf 88' lang='lat' dir='ltr'>eadem</span> <span class='ocrx_word' id='word_1_98' title='bbox 391 1000 639 1052; x_wconf 86' lang='lat' dir='ltr'>invenisset,</span> <span class='ocrx_word' id='word_1_99' title='bbox 682 1015 784 1056; x_wconf 89' lang='lat' dir='ltr'>quae</span> <span class='ocrx_word' id='word_1_100' title='bbox 816 1002 864 1043; x_wconf 91' lang='lat' dir='ltr'>de</span> <span class='ocrx_word' id='word_1_101' title='bbox 895 1003 1024 1056; x_wconf 87' lang='lat' dir='ltr'>patria</span> <span class='ocrx_word' id='word_1_102' title='bbox 1054 1003 1248 1045; x_wconf 89' lang='lat' dir='ltr'>Nicandri</span> <span class='ocrx_word' id='word_1_103' title='bbox 1279 1003 1452 1045; x_wconf 89' lang='lat' dir='ltr'>vidisset</span> <span class='ocrx_word' id='word_1_104' title='bbox 1492 1004 1533 1045; x_wconf 91' lang='lat' dir='ltr'>in</span> <span class='ocrx_word' id='word_1_105' title='bbox 1575 1003 1682 1045; x_wconf 89' lang='lat' dir='ltr'>libro</span> 
     </span>
     <span class='ocr_line' id='line_1_14' title="bbox 214 1069 1682 1127; baseline 0.002 -15"><span class='ocrx_word' id='word_1_106' title='bbox 214 1069 306 1124; x_wconf 82' lang='grc' dir='ltr'><strong><em>περὶ</em></strong></span> <span class='ocrx_word' id='word_1_107' title='bbox 335 1073 530 1126; x_wconf 81' lang='grc' dir='ltr'><em>ποιητῶν,</em></span> <span class='ocrx_word' id='word_1_108' title='bbox 563 1072 665 1113; x_wconf 89' lang='lat' dir='ltr'>haec</span> <span class='ocrx_word' id='word_1_109' title='bbox 688 1073 730 1113; x_wconf 95' lang='lat' dir='ltr'>in</span> <span class='ocrx_word' id='word_1_110' title='bbox 751 1073 935 1126; x_wconf 84' lang='lat' dir='ltr'>margine</span> <span class='ocrx_word' id='word_1_111' title='bbox 966 1074 1060 1115; x_wconf 89' lang='lat' dir='ltr'>libri</span> <span class='ocrx_word' id='word_1_112' title='bbox 1088 1079 1261 1121; x_wconf 89' lang='lat' dir='ltr'>notaret,</span> <span class='ocrx_word' id='word_1_113' title='bbox 1291 1074 1398 1115; x_wconf 90' lang='lat' dir='ltr'>unde</span> <span class='ocrx_word' id='word_1_114' title='bbox 1429 1087 1549 1127; x_wconf 89' lang='lat' dir='ltr'>prava</span> <span class='ocrx_word' id='word_1_115' title='bbox 1580 1075 1682 1115; x_wconf 89' lang='lat' dir='ltr'>alio-</span> 
     </span>
     <span class='ocr_line' id='line_1_15' title="bbox 214 1141 1684 1198; baseline 0.003 -18"><span class='ocrx_word' id='word_1_116' title='bbox 214 1153 305 1181; x_wconf 88' lang='lat' dir='ltr'>rum</span> <span class='ocrx_word' id='word_1_117' title='bbox 346 1141 541 1184; x_wconf 88' lang='lat' dir='ltr'>sedulitas</span> <span class='ocrx_word' id='word_1_118' title='bbox 580 1142 879 1185; x_wconf 84' lang='lat' dir='ltr'>annotationem</span> <span class='ocrx_word' id='word_1_119' title='bbox 914 1144 957 1184; x_wconf 91' lang='lat' dir='ltr'>in</span> <span class='ocrx_word' id='word_1_120' title='bbox 985 1144 1114 1198; x_wconf 87' lang='lat' dir='ltr'>ipsam</span> <span class='ocrx_word' id='word_1_121' title='bbox 1145 1143 1337 1186; x_wconf 89' lang='lat' dir='ltr'>Nicandri</span> <span class='ocrx_word' id='word_1_122' title='bbox 1380 1145 1500 1187; x_wconf 90' lang='lat' dir='ltr'>vitam</span> <span class='ocrx_word' id='word_1_123' title='bbox 1531 1151 1684 1187; x_wconf 84' lang='lat' dir='ltr'>temere</span> 
     </span>
     <span class='ocr_line' id='line_1_16' title="bbox 214 1211 1687 1267; baseline 0.005 -15"><span class='ocrx_word' id='word_1_124' title='bbox 214 1211 364 1253; x_wconf 86' lang='lat' dir='ltr'>intulit.</span> <span class='ocrx_word' id='word_1_125' title='bbox 424 1213 572 1254; x_wconf 89' lang='lat' dir='ltr'>Totum</span> <span class='ocrx_word' id='word_1_126' title='bbox 602 1227 698 1255; x_wconf 89' lang='lat' dir='ltr'>vero</span> <span class='ocrx_word' id='word_1_127' title='bbox 730 1215 864 1255; x_wconf 90' lang='lat' dir='ltr'>locum</span> <span class='ocrx_word' id='word_1_128' title='bbox 894 1216 946 1255; x_wconf 90' lang='lat' dir='ltr'>ita</span> <span class='ocrx_word' id='word_1_129' title='bbox 980 1215 1197 1267; x_wconf 84' lang='lat' dir='ltr'>legendum</span> <span class='ocrx_word' id='word_1_130' title='bbox 1226 1228 1319 1257; x_wconf 91' lang='lat' dir='ltr'>esse</span> <span class='ocrx_word' id='word_1_131' title='bbox 1353 1225 1521 1257; x_wconf 85' lang='lat' dir='ltr'>censeo:</span> <span class='ocrx_word' id='word_1_132' title='bbox 1557 1214 1687 1266; x_wconf 81' lang='grc' dir='ltr'><strong><em>αὐτὸς</em></strong></span> 
     </span>
     <span class='ocr_line' id='line_1_17' title="bbox 214 1279 1685 1340; baseline 0.005 -17"><span class='ocrx_word' id='word_1_133' title='bbox 214 1279 261 1323; x_wconf 77' lang='grc' dir='ltr'>δὲ</span> <span class='ocrx_word' id='word_1_134' title='bbox 290 1283 333 1324; x_wconf 79' lang='grc' dir='ltr'><strong><em>ἐν</em></strong></span> <span class='ocrx_word' id='word_1_135' title='bbox 358 1284 415 1339; x_wconf 80' lang='grc' dir='ltr'>τῷ</span> <span class='ocrx_word' id='word_1_136' title='bbox 446 1284 539 1338; x_wconf 82' lang='grc' dir='ltr'><strong><em>περὶ</em></strong></span> <span class='ocrx_word' id='word_1_137' title='bbox 565 1285 754 1339; x_wconf 77' lang='grc' dir='ltr'>ποιητῶν</span> <span class='ocrx_word' id='word_1_138' title='bbox 783 1285 896 1338; x_wconf 81' lang='grc' dir='ltr'><strong><em>ἱερέα</em></strong></span> <span class='ocrx_word' id='word_1_139' title='bbox 919 1283 1044 1340; x_wconf 82' lang='grc' dir='ltr'><strong><em>φησὶν</em></strong></span> <span class='ocrx_word' id='word_1_140' title='bbox 1063 1282 1279 1329; x_wconf 56' lang='lat' dir='ltr'>avitiano&amp;</span> <span class='ocrx_word' id='word_1_141' title='bbox 1303 1284 1494 1340; x_wconf 81' lang='grc' dir='ltr'><strong><em>Κλαρίου</em></strong></span> <span class='ocrx_word' id='word_1_142' title='bbox 1516 1284 1685 1330; x_wconf 77' lang='grc' dir='ltr'><strong><em>Ἀπόλ-</em></strong></span> 
     </span>
     <span class='ocr_line' id='line_1_18' title="bbox 212 1349 1684 1410; baseline 0.002 -14"><span class='ocrx_word' id='word_1_143' title='bbox 212 1352 356 1402; x_wconf 84' lang='grc' dir='ltr'><strong><em>λωνος,</em></strong></span> <span class='ocrx_word' id='word_1_144' title='bbox 395 1353 441 1395; x_wconf 79' lang='grc' dir='ltr'>ἐκ</span> <span class='ocrx_word' id='word_1_145' title='bbox 483 1349 699 1408; x_wconf 81' lang='grc' dir='ltr'><strong><em>προγόνων</em></strong></span> <span class='ocrx_word' id='word_1_146' title='bbox 736 1352 813 1410; x_wconf 85' lang='grc' dir='ltr'><strong><em>τὴν</em></strong></span> <span class='ocrx_word' id='word_1_147' title='bbox 851 1350 1070 1410; x_wconf 77' lang='grc' dir='ltr'><strong><em>ῖεροσύνην</em></strong></span> <span class='ocrx_word' id='word_1_148' title='bbox 1107 1352 1350 1409; x_wconf 78' lang='grc' dir='ltr'><em>δεξάμενον,</em></span> <span class='ocrx_word' id='word_1_149' title='bbox 1390 1353 1484 1399; x_wconf 85' lang='grc' dir='ltr'><strong><em>υἱὸν</em></strong></span> <span class='ocrx_word' id='word_1_150' title='bbox 1522 1355 1568 1399; x_wconf 82' lang='grc' dir='ltr'>δὲ</span> <span class='ocrx_word' id='word_1_151' title='bbox 1599 1360 1684 1398; x_wconf 87' lang='grc' dir='ltr'>Δα-</span> 
     </span>
     <span class='ocr_line' id='line_1_19' title="bbox 210 1415 673 1479; baseline 0.004 -18"><span class='ocrx_word' id='word_1_152' title='bbox 210 1424 354 1477; x_wconf 85' lang='grc' dir='ltr'><strong><em>μαίου,</em></strong></span> <span class='ocrx_word' id='word_1_153' title='bbox 386 1415 494 1465; x_wconf 67' lang='grc' dir='ltr'><strong><em>οὕτω</em></strong></span> <span class='ocrx_word' id='word_1_154' title='bbox 520 1421 673 1479; x_wconf 76' lang='grc' dir='ltr'><strong><em>λέγων·</em></strong></span> 
     </span>
     <span class='ocr_line' id='line_1_20' title="bbox 474 1489 1384 1550; baseline 0.001 -15"><span class='ocrx_word' id='word_1_155' title='bbox 474 1489 656 1550; x_wconf 77' lang='grc' dir='ltr'><strong><em>αἰνήσεις</em></strong></span> <span class='ocrx_word' id='word_1_156' title='bbox 687 1494 788 1550; x_wconf 81' lang='grc' dir='ltr'>υῖῆα</span> <span class='ocrx_word' id='word_1_157' title='bbox 818 1490 1139 1550; x_wconf 83' lang='grc' dir='ltr'><strong><em>πολυμνήστοιο</em></strong></span> <span class='ocrx_word' id='word_1_158' title='bbox 1172 1495 1384 1548; x_wconf 85' lang='grc' dir='ltr'><strong><em>Δαμαίου.</em></strong></span> 
     </span>
    </p>

    <p class='ocr_par' dir='ltr' id='par_1_3' title="bbox 210 1571 1686 1770">
     <span class='ocr_line' id='line_1_21' title="bbox 210 1571 1686 1630; baseline 0.001 -12"><span class='ocrx_word' id='word_1_159' title='bbox 210 1572 363 1630; x_wconf 81' lang='grc' dir='ltr'><strong><em>Χρόνῳ</em></strong></span> <span class='ocrx_word' id='word_1_160' title='bbox 394 1572 440 1618; x_wconf 82' lang='grc' dir='ltr'>δὲ</span> <span class='ocrx_word' id='word_1_161' title='bbox 468 1577 630 1628; x_wconf 73' lang='grc' dir='ltr'><strong><em>ἐγένετο</em></strong></span> <span class='ocrx_word' id='word_1_162' title='bbox 661 1573 748 1619; x_wconf 83' lang='grc' dir='ltr'><strong><em>κατ’</em></strong></span> <span class='ocrx_word' id='word_1_163' title='bbox 771 1573 993 1618; x_wconf 85' lang='grc' dir='ltr'><strong><em>”Ατταλον</em></strong></span> <span class='ocrx_word' id='word_1_164' title='bbox 1009 1573 1080 1617; x_wconf 87' lang='grc' dir='ltr'><strong><em>τὸν</em></strong></span> <span class='ocrx_word' id='word_1_165' title='bbox 1104 1573 1339 1618; x_wconf 83' lang='grc' dir='ltr'><strong><em>τελευταῖον</em></strong></span> <span class='ocrx_word' id='word_1_166' title='bbox 1360 1571 1544 1629; x_wconf 73' lang='grc' dir='ltr'><strong><em>ἄρξαντα</em></strong></span> <span class='ocrx_word' id='word_1_167' title='bbox 1572 1581 1686 1629; x_wconf 88' lang='grc' dir='ltr'><strong><em>Περ-</em></strong></span> 
     </span>
     <span class='ocr_line' id='line_1_22' title="bbox 213 1638 1685 1701; baseline 0.001 -14"><span class='ocrx_word' id='word_1_168' title='bbox 213 1640 374 1698; x_wconf 79' lang='grc' dir='ltr'><strong><em>γάμου,</em></strong></span> <span class='ocrx_word' id='word_1_169' title='bbox 406 1642 450 1697; x_wconf 72' lang='grc' dir='ltr'>ὃς</span> <span class='ocrx_word' id='word_1_170' title='bbox 479 1642 697 1701; x_wconf 75' lang='grc' dir='ltr'><strong><em>κατελύθη</em></strong></span> <span class='ocrx_word' id='word_1_171' title='bbox 727 1641 814 1689; x_wconf 78' lang='grc' dir='ltr'>ὑπὸ</span> <span class='ocrx_word' id='word_1_172' title='bbox 842 1643 1052 1699; x_wconf 86' lang='grc' dir='ltr'><strong><em>Ῥωμαίων</em></strong></span> <span class='ocrx_word' id='word_1_173' title='bbox 1081 1645 1135 1696; x_wconf 87' lang='lat' dir='ltr'>(v.</span> <span class='ocrx_word' id='word_1_174' title='bbox 1168 1658 1290 1698; x_wconf 84' lang='lat' dir='ltr'>supra</span> <span class='ocrx_word' id='word_1_175' title='bbox 1321 1658 1358 1697; x_wconf 87' lang='lat' dir='ltr'>p.</span> <span class='ocrx_word' id='word_1_176' title='bbox 1384 1642 1462 1698; x_wconf 80' lang='grc'>2.),</span> <span class='ocrx_word' id='word_1_177' title='bbox 1494 1638 1526 1699; x_wconf 79' lang='grc' dir='ltr'><em>ᾧ</em></span> <span class='ocrx_word' id='word_1_178' title='bbox 1554 1661 1685 1698; x_wconf 87' lang='grc' dir='ltr'><strong><em>προσ-</em></strong></span> 
     </span>
     <span class='ocr_line' id='line_1_23' title="bbox 213 1708 682 1770; baseline 0 -14"><span class='ocrx_word' id='word_1_179' title='bbox 213 1720 342 1770; x_wconf 79' lang='grc' dir='ltr'><strong><em>φωνεῖ</em></strong></span> <span class='ocrx_word' id='word_1_180' title='bbox 366 1713 497 1768; x_wconf 75' lang='grc' dir='ltr'><strong><em>λέγων</em></strong></span> <span class='ocrx_word' id='word_1_181' title='bbox 528 1708 682 1763; x_wconf 69' lang='grc' dir='ltr'><strong><em>οὕτως·</em></strong></span> 
     </span>
    </p>

    <p class='ocr_par' dir='ltr' id='par_1_4' title="bbox 417 1776 1456 1840">
     <span class='ocr_line' id='line_1_24' title="bbox 417 1776 1456 1840; baseline -0.001 -13"><span class='ocrx_word' id='word_1_182' title='bbox 417 1783 721 1839; x_wconf 79' lang='grc' dir='ltr'><strong><em>Τευθρανίδης,</em></strong></span> <span class='ocrx_word' id='word_1_183' title='bbox 751 1776 785 1827; x_wconf 75' lang='grc' dir='ltr'><em>ὦ</em></span> <span class='ocrx_word' id='word_1_184' title='bbox 815 1782 964 1840; x_wconf 77' lang='grc' dir='ltr'><strong><em>κλῆρον</em></strong></span> <span class='ocrx_word' id='word_1_185' title='bbox 993 1782 1058 1826; x_wconf 77' lang='grc' dir='ltr'>ἀεὶ</span> <span class='ocrx_word' id='word_1_186' title='bbox 1084 1781 1295 1838; x_wconf 80' lang='grc' dir='ltr'><strong><em>πατρώιον</em></strong></span> <span class='ocrx_word' id='word_1_187' title='bbox 1320 1783 1456 1840; x_wconf 81' lang='grc' dir='ltr'><em>ἴσχων,</em></span> 
     </span>
    </p>

    <p class='ocr_par' dir='ltr' id='par_1_5' title="bbox 416 1845 1610 1917">
     <span class='ocr_line' id='line_1_25' title="bbox 416 1845 1610 1917; baseline 0 -21"><span class='ocrx_word' id='word_1_188' title='bbox 416 1852 610 1904; x_wconf 76' lang='grc' dir='ltr'><strong><em>κέκλυθι,</em></strong></span> <span class='ocrx_word' id='word_1_189' title='bbox 645 1850 740 1908; x_wconf 76' lang='grc' dir='ltr'>μηδ&gt;</span> <span class='ocrx_word' id='word_1_190' title='bbox 769 1851 982 1908; x_wconf 71' lang='grc' dir='ltr'><strong><em>ἄμνηστον</em></strong></span> <span class='ocrx_word' id='word_1_191' title='bbox 1013 1850 1086 1896; x_wconf 72' lang='grc' dir='ltr'>ἀπ’</span> <span class='ocrx_word' id='word_1_192' title='bbox 1111 1849 1265 1900; x_wconf 76' lang='grc' dir='ltr'><strong><em>οὔατος</em></strong></span> <span class='ocrx_word' id='word_1_193' title='bbox 1289 1845 1418 1905; x_wconf 58' lang='grc' dir='ltr'><strong><em>’ὕμνον</em></strong></span> <span class='ocrx_word' id='word_1_194' title='bbox 1445 1851 1610 1917; x_wconf 77' lang='grc' dir='ltr'><strong><em>ἐρύξῃς,</em></strong></span> 
     </span>
    </p>

    <p class='ocr_par' dir='ltr' id='par_1_6' title="bbox 407 1919 1460 1977">
     <span class='ocr_line' id='line_1_26' title="bbox 407 1919 1460 1977; baseline -0.001 -11"><span class='ocrx_word' id='word_1_195' title='bbox 407 1920 603 1974; x_wconf 77' lang='grc' dir='ltr'>”Λτταλ’,</span> <span class='ocrx_word' id='word_1_196' title='bbox 634 1925 725 1966; x_wconf 80' lang='grc' dir='ltr'><strong><em>ἐπεί</em></strong></span> <span class='ocrx_word' id='word_1_197' title='bbox 753 1939 824 1965; x_wconf 88' lang='grc' dir='ltr'><strong><em>σεο</em></strong></span> <span class='ocrx_word' id='word_1_198' title='bbox 854 1920 967 1976; x_wconf 79' lang='grc' dir='ltr'><strong><em>ῥίζαν</em></strong></span> <span class='ocrx_word' id='word_1_199' title='bbox 996 1921 1200 1965; x_wconf 80' lang='grc' dir='ltr'><strong><em>ἐπέκλυον</em></strong></span> <span class='ocrx_word' id='word_1_200' title='bbox 1227 1919 1460 1977; x_wconf 68' lang='grc' dir='ltr'>εΗρακλῆος</span> 
     </span>
    </p>

    <p class='ocr_par' dir='ltr' id='par_1_7' title="bbox 335 1982 1491 2049">
     <span class='ocr_line' id='line_1_27' title="bbox 335 1982 1491 2049; baseline -0.001 -14"><span class='ocrx_word' id='word_1_201' title='bbox 335 1992 375 2036; x_wconf 81' lang='lat'>5.</span> <span class='ocrx_word' id='word_1_202' title='bbox 410 1994 536 2038; x_wconf 82' lang='grc' dir='ltr'><strong><em>εἰσέτι</em></strong></span> <span class='ocrx_word' id='word_1_203' title='bbox 566 1989 799 2049; x_wconf 84' lang='grc' dir='ltr'><strong><em>Λυσιδίκης</em></strong></span> <span class='ocrx_word' id='word_1_204' title='bbox 829 2009 871 2035; x_wconf 86' lang='grc' dir='ltr'>τε</span> <span class='ocrx_word' id='word_1_205' title='bbox 902 1982 1167 2046; x_wconf 81' lang='grc' dir='ltr'><strong><em>περίφρονος,</em></strong></span> <span class='ocrx_word' id='word_1_206' title='bbox 1196 1988 1247 2048; x_wconf 78' lang='grc' dir='ltr'><strong><em>ἢν</em></strong></span> <span class='ocrx_word' id='word_1_207' title='bbox 1276 1990 1491 2049; x_wconf 80' lang='grc' dir='ltr'><strong><em>Πελοπηὶς</em></strong></span> 
     </span>
    </p>

    <p class='ocr_par' dir='ltr' id='par_1_8' title="bbox 414 2054 1545 2117">
     <span class='ocr_line' id='line_1_28' title="bbox 414 2054 1545 2117; baseline 0.001 -13"><span class='ocrx_word' id='word_1_208' title='bbox 414 2059 659 2117; x_wconf 81' lang='grc' dir='ltr'><strong><em>Ἱπποδάμη</em></strong></span> <span class='ocrx_word' id='word_1_209' title='bbox 686 2059 917 2115; x_wconf 78' lang='grc' dir='ltr'><strong><em>ἐφύτευσεν,</em></strong></span> <span class='ocrx_word' id='word_1_210' title='bbox 950 2054 1007 2103; x_wconf 71' lang='grc' dir='ltr'>ὅτ’</span> <span class='ocrx_word' id='word_1_211' title='bbox 1032 2057 1218 2112; x_wconf 76' lang='grc' dir='ltr'><strong><em>”Απιδος</em></strong></span> <span class='ocrx_word' id='word_1_212' title='bbox 1250 2058 1380 2116; x_wconf 80' lang='grc' dir='ltr'><strong><em>ἤρατο</em></strong></span> <span class='ocrx_word' id='word_1_213' title='bbox 1413 2060 1545 2117; x_wconf 85' lang='grc' dir='ltr'><strong><em>τιμήν.</em></strong></span> 
     </span>
    </p>

    <p class='ocr_par' dir='ltr' id='par_1_9' title="bbox 214 2133 1687 2620">
     <span class='ocr_line' id='line_1_29' title="bbox 357 2133 1684 2198; baseline 0.001 -12"><span class='ocrx_word' id='word_1_214' title='bbox 357 2144 417 2186; x_wconf 87' lang='lat' dir='ltr'>Ex</span> <span class='ocrx_word' id='word_1_215' title='bbox 444 2142 623 2184; x_wconf 89' lang='lat' dir='ltr'>Eudocia</span> <span class='ocrx_word' id='word_1_216' title='bbox 666 2155 766 2196; x_wconf 89' lang='lat' dir='ltr'>quae</span> <span class='ocrx_word' id='word_1_217' title='bbox 804 2141 927 2182; x_wconf 89' lang='lat' dir='ltr'>verba</span> <span class='ocrx_word' id='word_1_218' title='bbox 960 2137 1201 2193; x_wconf 80' lang='grc' dir='ltr'><strong><em>δεξάμενον</em></strong></span> <span class='ocrx_word' id='word_1_219' title='bbox 1230 2133 1376 2198; x_wconf 78' lang='grc' dir='ltr'><strong><em>χρόνῳ</em></strong></span> <span class='ocrx_word' id='word_1_220' title='bbox 1405 2147 1445 2183; x_wconf 90' lang='lat' dir='ltr'>et</span> <span class='ocrx_word' id='word_1_221' title='bbox 1475 2146 1684 2197; x_wconf 87' lang='lat' dir='ltr'>sequentia</span> 
     </span>
     <span class='ocr_line' id='line_1_30' title="bbox 218 2211 1687 2265; baseline 0.001 -9"><span class='ocrx_word' id='word_1_222' title='bbox 218 2214 380 2263; x_wconf 89' lang='lat' dir='ltr'>omisit,</span> <span class='ocrx_word' id='word_1_223' title='bbox 421 2213 521 2254; x_wconf 90' lang='lat' dir='ltr'>nihil</span> <span class='ocrx_word' id='word_1_224' title='bbox 555 2211 689 2264; x_wconf 87' lang='lat' dir='ltr'>colligi</span> <span class='ocrx_word' id='word_1_225' title='bbox 720 2217 876 2264; x_wconf 90' lang='lat' dir='ltr'>potest,</span> <span class='ocrx_word' id='word_1_226' title='bbox 913 2224 991 2265; x_wconf 87' lang='lat' dir='ltr'>quo</span> <span class='ocrx_word' id='word_1_227' title='bbox 1023 2211 1207 2252; x_wconf 83' lang='lat' dir='ltr'>firmetur</span> <span class='ocrx_word' id='word_1_228' title='bbox 1236 2211 1562 2264; x_wconf 82' lang='lat' dir='ltr'>interpolationis</span> <span class='ocrx_word' id='word_1_229' title='bbox 1592 2228 1687 2258; x_wconf 90' lang='lat' dir='ltr'>sus-</span> 
     </span>
     <span class='ocr_line' id='line_1_31' title="bbox 214 2276 1687 2339; baseline -0.001 -13"><span class='ocrx_word' id='word_1_230' title='bbox 214 2285 337 2339; x_wconf 91' lang='lat' dir='ltr'>picio.</span> <span class='ocrx_word' id='word_1_231' title='bbox 409 2284 487 2325; x_wconf 89' lang='lat' dir='ltr'>Sed</span> <span class='ocrx_word' id='word_1_232' title='bbox 517 2283 727 2324; x_wconf 87' lang='lat' dir='ltr'>videamus</span> <span class='ocrx_word' id='word_1_233' title='bbox 752 2281 922 2335; x_wconf 87' lang='lat' dir='ltr'>singula.</span> <span class='ocrx_word' id='word_1_234' title='bbox 999 2282 1128 2322; x_wconf 88' lang='lat' dir='ltr'>Versu</span> <span class='ocrx_word' id='word_1_235' title='bbox 1157 2282 1289 2334; x_wconf 88' lang='lat' dir='ltr'>primo</span> <span class='ocrx_word' id='word_1_236' title='bbox 1322 2276 1540 2338; x_wconf 82' lang='grc' dir='ltr'><strong><em>αἶνήσεις,</em></strong></span> <span class='ocrx_word' id='word_1_237' title='bbox 1580 2288 1687 2339; x_wconf 88' lang='lat' dir='ltr'>quod</span> 
     </span>
     <span class='ocr_line' id='line_1_32' title="bbox 214 2346 1686 2408; baseline 0.001 -12"><span class='ocrx_word' id='word_1_238' title='bbox 214 2355 370 2408; x_wconf 84' lang='lat' dir='ltr'>flagitat</span> <span class='ocrx_word' id='word_1_239' title='bbox 401 2366 499 2394; x_wconf 85' lang='lat' dir='ltr'>usus</span> <span class='ocrx_word' id='word_1_240' title='bbox 530 2358 738 2405; x_wconf 88' lang='lat' dir='ltr'>poetarum</span> <span class='ocrx_word' id='word_1_241' title='bbox 781 2352 1004 2404; x_wconf 89' lang='lat' dir='ltr'>epicorum,</span> <span class='ocrx_word' id='word_1_242' title='bbox 1036 2364 1111 2404; x_wconf 87' lang='lat' dir='ltr'>pro</span> <span class='ocrx_word' id='word_1_243' title='bbox 1141 2351 1301 2404; x_wconf 84' lang='lat' dir='ltr'>vulgato</span> <span class='ocrx_word' id='word_1_244' title='bbox 1329 2346 1562 2404; x_wconf 78' lang='grc' dir='ltr'><strong><em>αἰνέσσεις,</em></strong></span> <span class='ocrx_word' id='word_1_245' title='bbox 1593 2355 1686 2398; x_wconf 89' lang='lat' dir='ltr'>dedi</span> 
     </span>
     <span class='ocr_line' id='line_1_33' title="bbox 216 2421 1686 2477; baseline 0.001 -10"><span class='ocrx_word' id='word_1_246' title='bbox 216 2438 309 2467; x_wconf 90' lang='lat' dir='ltr'>cum</span> <span class='ocrx_word' id='word_1_247' title='bbox 351 2424 468 2466; x_wconf 89' lang='lat' dir='ltr'>codd.</span> <span class='ocrx_word' id='word_1_248' title='bbox 523 2423 645 2465; x_wconf 86' lang='lat' dir='ltr'>Vatic.</span> <span class='ocrx_word' id='word_1_249' title='bbox 697 2428 736 2464; x_wconf 89' lang='lat' dir='ltr'>et</span> <span class='ocrx_word' id='word_1_250' title='bbox 785 2422 961 2475; x_wconf 83' lang='lat' dir='ltr'>Gotting.</span> <span class='ocrx_word' id='word_1_251' title='bbox 1032 2422 1089 2463; x_wconf 89' lang='lat' dir='ltr'>Ex</span> <span class='ocrx_word' id='word_1_252' title='bbox 1119 2422 1268 2463; x_wconf 88' lang='lat' dir='ltr'>iisdem</span> <span class='ocrx_word' id='word_1_253' title='bbox 1315 2423 1431 2464; x_wconf 89' lang='lat' dir='ltr'>libris</span> <span class='ocrx_word' id='word_1_254' title='bbox 1471 2421 1686 2477; x_wconf 83' lang='grc' dir='ltr'><strong><em>Λαμαίου</em></strong></span> 
     </span>
     <span class='ocr_line' id='line_1_34' title="bbox 216 2489 1687 2549; baseline 0 -12"><span class='ocrx_word' id='word_1_255' title='bbox 216 2495 364 2549; x_wconf 89' lang='lat' dir='ltr'>scripsi</span> <span class='ocrx_word' id='word_1_256' title='bbox 395 2507 470 2547; x_wconf 88' lang='lat' dir='ltr'>pro</span> <span class='ocrx_word' id='word_1_257' title='bbox 498 2489 760 2546; x_wconf 85' lang='grc' dir='ltr'><strong><em>Δαμναίου,</em></strong></span> <span class='ocrx_word' id='word_1_258' title='bbox 801 2506 902 2548; x_wconf 89' lang='lat' dir='ltr'>quae</span> <span class='ocrx_word' id='word_1_259' title='bbox 946 2494 1075 2534; x_wconf 84' lang='lat' dir='ltr'>forma</span> <span class='ocrx_word' id='word_1_260' title='bbox 1110 2505 1242 2547; x_wconf 88' lang='lat' dir='ltr'>neque</span> <span class='ocrx_word' id='word_1_261' title='bbox 1281 2493 1497 2546; x_wconf 85' lang='lat' dir='ltr'>prosodiae</span> <span class='ocrx_word' id='word_1_262' title='bbox 1540 2509 1687 2537; x_wconf 84' lang='lat' dir='ltr'>conve-</span> 
     </span>
     <span class='ocr_line' id='line_1_35' title="bbox 214 2558 1686 2620; baseline -0.001 -10"><span class='ocrx_word' id='word_1_263' title='bbox 214 2569 276 2610; x_wconf 90' lang='lat' dir='ltr'>nit</span> <span class='ocrx_word' id='word_1_264' title='bbox 313 2579 447 2620; x_wconf 88' lang='lat' dir='ltr'>neque</span> <span class='ocrx_word' id='word_1_265' title='bbox 484 2566 634 2606; x_wconf 87' lang='lat' dir='ltr'>Graeca</span> <span class='ocrx_word' id='word_1_266' title='bbox 675 2562 801 2617; x_wconf 85' lang='lat' dir='ltr'>est.¹)</span> <span class='ocrx_word' id='word_1_267' title='bbox 872 2564 1134 2606; x_wconf 85' lang='lat' dir='ltr'>Accusativus</span> <span class='ocrx_word' id='word_1_268' title='bbox 1176 2558 1287 2619; x_wconf 77' lang='grc' dir='ltr'><strong><em>υἶῆα</em></strong></span> <span class='ocrx_word' id='word_1_269' title='bbox 1330 2578 1377 2605; x_wconf 85' lang='lat' dir='ltr'>ex</span> <span class='ocrx_word' id='word_1_270' title='bbox 1416 2566 1493 2607; x_wconf 86' lang='lat' dir='ltr'>hoc</span> <span class='ocrx_word' id='word_1_271' title='bbox 1534 2572 1686 2609; x_wconf 81' lang='lat' dir='ltr'>tantuin</span> 
     </span>
    </p>
   </div>
   <div class='ocr_carea' id='block_1_3' title="bbox 321 2662 439 2667">
    <p class='ocr_par' dir='ltr' id='par_1_10' title="bbox 321 2662 439 2667">
     <span class='ocr_line' id='line_1_36' title="bbox 321 2662 439 2667; baseline 0 0"><span class='ocrx_word' id='word_1_272' title='bbox 321 2662 439 2667; x_wconf 95' lang='lat' dir='ltr'> </span> 
     </span>
    </p>
   </div>
   <div class='ocr_carea' id='block_1_4' title="bbox 213 2702 1688 2872">
    <p class='ocr_par' dir='ltr' id='par_1_11' title="bbox 213 2702 1688 2872">
     <span class='ocr_line' id='line_1_37' title="bbox 311 2702 1686 2753; baseline -0.001 -11"><span class='ocrx_word' id='word_1_273' title='bbox 311 2709 345 2753; x_wconf 91' lang='lat'>1)</span> <span class='ocrx_word' id='word_1_274' title='bbox 379 2704 580 2751; x_wconf 86' lang='lat' dir='ltr'>Correptio</span> <span class='ocrx_word' id='word_1_275' title='bbox 614 2705 754 2741; x_wconf 83' lang='lat' dir='ltr'>vocalis</span> <span class='ocrx_word' id='word_1_276' title='bbox 788 2708 876 2739; x_wconf 88' lang='lat' dir='ltr'>ante</span> <span class='ocrx_word' id='word_1_277' title='bbox 909 2717 962 2751; x_wconf 84' lang='grc' dir='ltr'><strong><em>μν</em></strong></span> <span class='ocrx_word' id='word_1_278' title='bbox 999 2716 1020 2738; x_wconf 88' lang='lat' dir='ltr'>a</span> <span class='ocrx_word' id='word_1_279' title='bbox 1055 2715 1163 2738; x_wconf 89' lang='lat' dir='ltr'>versu</span> <span class='ocrx_word' id='word_1_280' title='bbox 1199 2702 1351 2739; x_wconf 86' lang='lat' dir='ltr'>heroico</span> <span class='ocrx_word' id='word_1_281' title='bbox 1388 2715 1536 2750; x_wconf 86' lang='lat' dir='ltr'>semper</span> <span class='ocrx_word' id='word_1_282' title='bbox 1562 2706 1686 2741; x_wconf 81' lang='lat' dir='ltr'>aliena</span> 
     </span>
     <span class='ocr_line' id='line_1_38' title="bbox 213 2762 1685 2811; baseline -0.001 -10"><span class='ocrx_word' id='word_1_283' title='bbox 213 2765 305 2801; x_wconf 86' lang='lat' dir='ltr'>fuit:</span> <span class='ocrx_word' id='word_1_284' title='bbox 334 2776 367 2800; x_wconf 92' lang='lat' dir='ltr'>v.</span> <span class='ocrx_word' id='word_1_285' title='bbox 393 2765 536 2800; x_wconf 85' lang='lat' dir='ltr'>Naeck.</span> <span class='ocrx_word' id='word_1_286' title='bbox 568 2774 696 2808; x_wconf 89' lang='lat' dir='ltr'>opusc.</span> <span class='ocrx_word' id='word_1_287' title='bbox 723 2764 751 2799; x_wconf 88' lang='lat'>1.</span> <span class='ocrx_word' id='word_1_288' title='bbox 776 2776 812 2809; x_wconf 89' lang='lat' dir='ltr'>p.</span> <span class='ocrx_word' id='word_1_289' title='bbox 840 2764 896 2799; x_wconf 82' lang='lat'>31.</span> <span class='ocrx_word' id='word_1_290' title='bbox 923 2762 1099 2809; x_wconf 85' lang='lat' dir='ltr'>Alexiph.</span> <span class='ocrx_word' id='word_1_291' title='bbox 1126 2764 1183 2798; x_wconf 80' lang='lat'>92.</span> <span class='ocrx_word' id='word_1_292' title='bbox 1210 2774 1277 2808; x_wconf 91' lang='lat' dir='ltr'>pro</span> <span class='ocrx_word' id='word_1_293' title='bbox 1306 2763 1525 2811; x_wconf 76' lang='grc' dir='ltr'><strong><em>ῥαδάμνους</em></strong></span> <span class='ocrx_word' id='word_1_294' title='bbox 1556 2776 1576 2799; x_wconf 91' lang='grc'><strong>6</strong></span> <span class='ocrx_word' id='word_1_295' title='bbox 1603 2765 1685 2799; x_wconf 84' lang='lat' dir='ltr'>cod.</span> 
     </span>
     <span class='ocr_line' id='line_1_39' title="bbox 215 2821 1688 2872; baseline -0.001 -13"><span class='ocrx_word' id='word_1_296' title='bbox 215 2823 388 2870; x_wconf 83' lang='lat' dir='ltr'>Gotting.</span> <span class='ocrx_word' id='word_1_297' title='bbox 414 2822 530 2861; x_wconf 81' lang='lat' dir='ltr'>scribi</span> <span class='ocrx_word' id='word_1_298' title='bbox 555 2822 687 2858; x_wconf 90' lang='lat' dir='ltr'>debuit</span> <span class='ocrx_word' id='word_1_299' title='bbox 710 2821 918 2872; x_wconf 75' lang='grc' dir='ltr'><strong><em>ῥαδαλούς,</em></strong></span> <span class='ocrx_word' id='word_1_300' title='bbox 944 2822 1133 2870; x_wconf 83' lang='lat' dir='ltr'>scriptura</span> <span class='ocrx_word' id='word_1_301' title='bbox 1158 2822 1379 2859; x_wconf 77' lang='lat' dir='ltr'>Zenodotea</span> <span class='ocrx_word' id='word_1_302' title='bbox 1402 2821 1444 2859; x_wconf 87' lang='lat' dir='ltr'>in</span> <span class='ocrx_word' id='word_1_303' title='bbox 1468 2822 1510 2859; x_wconf 91' lang='lat' dir='ltr'>ll.</span> <span class='ocrx_word' id='word_1_304' title='bbox 1536 2827 1582 2862; x_wconf 88' lang='grc' dir='ltr'>Σ.</span> <span class='ocrx_word' id='word_1_305' title='bbox 1606 2823 1688 2861; x_wconf 85' lang='grc'><strong>576.</strong></span> 
     </span>
    </p>
   </div>
  </div>
 </body>
</html>
