1811 3132
907 114 967 159 22

205 233 358 287 poetis3
388 233 514 288 idque
553 232 816 275 illustrandae
842 233 1071 275 litterarum
1101 232 1346 275 Graecarum
1380 233 1575 276 historiae
1592 235 1673 276 lar-

206 315 297 355 gam
335 303 575 355 praebuisse
606 302 819 344 materiam
852 303 1050 357 suspicari
1083 303 1193 344 licet.
1265 304 1528 346 Antimachus
1558 305 1593 346 si
1625 304 1676 346 de

204 372 382 415 Homero
414 373 457 415 in
479 373 785 426 prolegomenis
809 374 1009 427 quaedam
1041 374 1319 426 disputaverat
1349 397 1405 404 —
1437 375 1537 416 haec
1566 374 1675 416 enim

204 442 401 484 Nitzschii
434 449 497 484 est
521 444 746 489 sententia,
789 443 885 483 hist.
917 444 1032 484 Hom.
1064 443 1105 492 I,
1151 442 1234 483 104
1264 444 1430 497 probata
1462 444 1677 486 Welckero

206 512 306 566 cycl.
340 525 404 566 ep.
436 512 465 553 l.
498 527 537 566 p.
574 512 655 554 185
710 536 767 543 —
828 513 1031 555 Nicander
1071 513 1200 554 videri
1240 519 1376 567 potest
1406 514 1596 555 similiter
1625 514 1677 555 de

204 582 383 624 Homero
406 582 448 623 in
470 582 612 623 eodem
634 582 739 623 libro
760 582 1023 623 disseruisse.
1088 582 1311 624 VitaHom.
1333 585 1440 637 apud
1462 583 1677 625 Westerm.

204 653 340 707 Biogr.
372 667 412 707 p.
432 651 513 695 28:
547 647 752 711 ’Όμηρος
783 646 807 694 ὁ
838 650 1034 709 ποιητὴς
1063 677 1116 682 ——
1148 649 1199 695 τὸ
1233 649 1285 696 δὲ
1317 650 1444 709 γένος
1476 678 1529 683 —
1562 650 1677 696 κατὰ

201 717 472 778 Ἀντίμαχον
522 720 598 766 καὶ
637 720 894 780 Νίκανδρον
941 718 1258 780 Κολοφώνιος.
1340 724 1531 765 Ceterum
1579 725 1679 765 haec

207 793 403 834 tralaticia
436 794 779 847 Colophoniorum
823 799 909 834 erat
949 794 1171 843 sententia,
1214 806 1332 848 quam
1366 799 1461 847 post
1490 794 1676 852 Welcke·

206 877 297 905 rum
327 863 524 905 diiudicat
554 864 700 905 Lauer.
732 865 830 905 hist.
862 877 976 916 poeS.
1007 865 1173 905 Homer.
1207 877 1246 916 p.
1283 863 1353 904 98.
1387 877 1476 918 sqq.

350 946 408 987 Ex
441 946 582 987 eodem
617 946 725 987 libro
757 946 897 988 mutila
929 946 1051 987 etiam
1082 945 1283 988 Eustathii
1313 945 1434 986 verba
1466 945 1508 986 in
1529 946 1676 999 Odyss.

187 1030 245 1070 ,p.
281 1016 409 1066 1796,
442 1017 509 1058 ubi
542 1012 735 1058 Νόστων
765 1023 884 1071 poeta
915 1018 1054 1058 nescio
1086 1017 1177 1071 quis
1202 1016 1478 1069 Colophonius
1510 1015 1675 1056 exhibe-

208 1094 286 1137 tur,
317 1087 486 1129 fluxisse
518 1087 753 1136 creduntur,
786 1101 823 1129 v.
856 1087 1062 1129 Welcker.
1094 1088 1120 1128 Ι.
1146 1087 1173 1128 l.
1192 1099 1232 1140 p.
1264 1084 1365 1127 273.
1399 1099 1461 1140 sq.
1522 1084 1674 1136 Quodsi

205 1155 408 1198 Nicander
438 1161 671 1209 argumenta
701 1162 914 1209 poetarum
935 1156 1291 1208 Colophoniorum,
1324 1153 1565 1207 praesertim
1590 1166 1678 1205 my-

208 1226 335 1275 thica,
378 1226 639 1278 perstrinxit,
682 1226 834 1279 optime
877 1225 1070 1266 convenit
1097 1225 1212 1277 frgm.
1243 1222 1346 1264 ΧΧΙ.
1378 1221 1483 1276 quod
1516 1234 1538 1261 a
1579 1218 1679 1261 Νό-

205 1307 322 1337 στων
347 1295 494 1337 fabulis
529 1296 698 1337 minime
728 1296 907 1337 alienum
939 1294 1112 1337 videtur.

792 1426 997 1487 Caput
1027 1401 1098 1474 V,

345 1552 589 1595 Aetolica
627 1550 848 1604 scripsisse
878 1548 1123 1590 Nicandrum
1164 1546 1286 1587 testis
1320 1550 1384 1586 est
1411 1544 1575 1598 antiqua
1606 1544 1677 1585 Ni-

205 1623 345 1667 candri
379 1623 472 1672 vita,
504 1627 665 1675 poetam
698 1620 767 1661 diu
799 1620 841 1661 in
866 1618 1021 1660 Aetolia
1051 1621 1255 1659 versatum
1287 1627 1379 1656 esse
1408 1613 1586 1665 tradens,
1620 1604 1681 1666 ὥς

206 1690 406 1752 φανερὸν
430 1688 480 1735 ἔκ
508 1693 596 1734 τῶν
628 1687 735 1748 περὶ
762 1685 1003 1739 Αἰτωλίας
1034 1681 1396 1743 συγγραμμάτων
1425 1699 1473 1726 τε
1499 1682 1576 1727 καὶ
1601 1685 1683 1740 τῆς

207 1758 347 1820 ἄλλης
364 1759 609 1819 ποιήσεως,
635 1759 855 1813 ποταμῶν
877 1772 926 1800 τε
947 1756 1037 1799 τῶν
1061 1754 1168 1813 περὶ
1178 1749 1418 1797 Αἰτωλίαν
1431 1749 1507 1795 καὶ
1525 1749 1681 1795 τόπων

206 1833 352 1878 ἐκεῖσέ
376 1849 425 1877 τε
453 1831 530 1876 καὶ
563 1826 711 1875 ἄλλων
744 1825 981 1887 διαφόρων
1014 1823 1287 1883 διηγήσεως,
1320 1818 1387 1866 ἔτι
1419 1820 1469 1865 δὲ
1488 1820 1565 1866 καὶ
1595 1837 1681 1879 φυ-

205 1904 294 1945 τῶν
332 1900 573 1959 ἰδιότητος.
646 1902 801 1952 Quibus
843 1899 979 1940 verbis
1021 1910 1112 1938 cum
1161 1896 1210 1936 de
1252 1899 1487 1948 argumento
1534 1894 1681 1935 carmi-

207 1975 297 2024 nis,
339 1973 455 2015 cuius
488 1972 635 2015 tertius
668 1972 815 2013 citatur
848 1970 974 2019 liber,
1009 1967 1109 2011 satis
1140 1967 1406 2016 edoceamur,
1439 1965 1526 2019 ipsa
1562 1965 1678 2006 dein-

206 2058 303 2101 ceps
338 2046 561 2101 fragmenta
587 2058 822 2101 persequar.

346 2131 396 2173 Et
426 2146 448 2173 e
476 2131 608 2185 primo
642 2129 807 2184 quidem
839 2127 945 2168 libro
973 2125 1146 2166 fabulam
1179 2123 1228 2164 de
1266 2122 1416 2163 Glauco
1448 2119 1678 2161 Athenaeus

206 2201 363 2244 rettulit
394 2199 641 2255 Vl1,p,296
671 2202 695 2241 f.
729 2192 752 2240 ὁ
786 2191 825 2240 δ’
861 2190 1000 2246 αὐτὸς
1021 2189 1280 2250 Νίκανδρος
1312 2188 1358 2234 ἐν
1393 2187 1562 2246 πρώτῳ
1589 2181 1681 2230 Αἱ-

206 2270 407 2314 τωλικῶν
448 2269 527 2327 τὴν
568 2267 784 2325 μαντικήν
834 2279 972 2323 φησιν
1006 2259 1277 2306 Ἀπόλλωνα
1321 2254 1413 2301 ὑπὸ
1468 2253 1678 2298 Γλαύκου

207 2340 507 2397 διδαχθῆναι·
538 2339 755 2398 θηρῶντα
774 2334 824 2380 δὲ
857 2331 965 2392 περὶ
995 2330 1075 2388 τήν
1100 2325 1295 2388 Ὀρείην,
1328 2321 1436 2384 ὅρος
1468 2322 1517 2368 δὲ
1548 2320 1678 2367 τοῦθ’

205 2407 423 2469 ὑπάρχειν
454 2405 634 2468 ὑψηλὸν
666 2408 712 2452 ἐν
743 2404 971 2463 Αἰτωλίᾳ,
1004 2397 1153 2459 λαγών
1182 2399 1413 2457 θηρᾶσαι,
1445 2389 1495 2441 ὃν
1526 2395 1682 2438 λειπο-

208 2480 444 2538 θυμοῦντα
475 2474 567 2524 ὑπὸ
591 2479 671 2537 τῆς
701 2472 901 2529 διώξεως
924 2468 1174 2529 ἀπαγαγεῖν
1194 2462 1285 2513 ὑπὸ
1322 2462 1463 2525 κρήνῃ
1481 2462 1581 2518 τινὶ,
1610 2461 1686 2507 καὶ

208 2555 265 2615 τῇ
318 2550 631 2611 παρακειμένῃ
681 2545 777 2607 πόᾳ
828 2541 916 2604 ἤδη
964 2537 1348 2601 ὖποψυχούμενον
1384 2532 1686 2617 ἆπομάσσειν.

211 2620 659 2681 ἀναζωπυρήσαντος
691 2618 742 2662 δε
787 2617 869 2660 τοῦ
899 2611 1022 2671 λαγώ
1049 2612 1105 2670 τῇ
1135 2607 1308 2667 βοτάνῃ
1336 2606 1579 2664 ἐπιγνοντα
1609 2607 1690 2663 τῆς

211 2693 408 2752 βοτάνης
447 2688 527 2748 τὴν
560 2685 749 2742 δύναμιν
787 2678 1169 2741 ἀπογεύσασθαι,
1209 2674 1286 2721 καὶ
1313 2672 1474 2720 ἔνθεον
1504 2672 1687 2756 γενόμε-

214 2781 291 2810 νον
337 2757 662 2821 ἐπιγενομένου
699 2756 915 2816 χειμῶνος
963 2749 1078 2796 κατὰ
1113 2745 1228 2801 Διὸς
1250 2745 1464 2804 βούλησιν
1509 2758 1573 2796 εις
1610 2743 1689 2801 τήν

214 2834 457 2882 θάλασσαν
488 2826 628 2876 αὑτὸν
651 2826 854 2886 ἐκρῖψαι.
914 2826 1097 2870 Aliorum
1127 2824 1178 2865 de
1212 2822 1362 2865 Glauco
1395 2816 1551 2861 fabulas
1582 2816 1689 2870 apud
