1811 3132
0 1483 1 1487 „
0 1469 1 1476 ⁴
0 0 13 1456 *„-ffir—W„l2g,mq——-—W

0 2654 7 2717 axv-vs
0 2625 4 2640 w
0 2596 6 2619 w<
0 2533 6 2587 (av-r

879 159 909 202 9

160 285 316 333 hausit,
348 280 497 336 apertis
526 279 662 321 verbis
689 279 873 320 Valerius
903 279 1064 320 Probus
1095 292 1133 332 p.
1165 279 1245 328 44,
1280 277 1347 321 15.
1365 280 1467 322 Keil.
1500 280 1621 321 etiam

158 354 402 398 Nicandrum
447 354 748 392 commemorat.
830 348 886 390 De
938 349 1106 403 Virgilio
1147 356 1281 391 autem
1320 364 1342 392 e
1382 351 1621 401 Quintiliani

161 427 295 468 verbis
326 423 382 471 X,
418 421 468 470 l,
506 419 562 461 56
595 425 773 461 constat:
815 419 994 470 „Quidi2
1034 419 1279 461 Nicandrum
1310 421 1458 462 frustra
1494 423 1619 463 secuti

158 499 291 539 Macer
337 498 377 534 et
414 488 680 543 Virgilius?“
724 513 775 519 —
852 490 902 531 Et
935 490 1226 532 Theriacorum
1259 491 1423 545 quidem
1453 492 1622 544 vestigia

160 564 355 620 quaedam
403 559 509 611 apud
551 557 766 609 Virgilium
805 557 880 598 viri
924 558 1032 598 docti
1070 564 1342 610 agnoverunt,
1402 560 1450 600 cl'.
1491 561 1619 614 Heyn.

157 633 283 688 praef.
304 627 490 681 Georgic.
513 627 560 668 T.
585 625 612 666 l.
645 638 685 679 p.
705 624 790 666 213
813 626 873 667 ed.
899 625 938 667 3.
971 626 1176 680 Spalding.
1208 628 1248 669 in
1280 628 1449 678 Quintil.
1483 630 1530 671 T.
1561 630 1619 672 lv.

158 718 196 757 p.
229 702 307 751 46;
340 702 533 754 quantum
564 708 661 737 vero
679 695 870 737 Nicandri
903 697 1112 749 Georgicis
1144 697 1333 739 debuerit
1359 699 1565 752 Virgilius,
1598 715 1620 742 e

159 769 393 825 fragmentis
443 766 658 809 diiudicari
708 778 790 807 non
835 779 958 819 posse
1016 779 1097 807 non
1153 772 1216 808 est
1254 768 1362 821 quod
1401 768 1621 810 miremur:

159 846 404 897 quapropter
428 849 562 891 neque
593 835 743 888 Ungeri
775 836 907 888 placet
938 836 1151 885 sententia,
1185 836 1253 889 qui
1286 836 1442 888 Virgilii
1473 850 1620 879 nomen

159 924 247 953 cum
277 908 431 961 Valgii,
471 919 590 961 quem
620 906 754 947 Plinio
785 911 888 947 teste
928 906 978 947 de
1017 906 1155 947 herbis
1195 906 1411 959 scripsisse
1453 908 1619 957 scimus,

158 977 484 1021 commutandum
517 989 608 1018 esse
638 976 810 1017 censuit.
871 976 964 1028 Ipse
995 975 1155 1016 Plinius
1176 974 1365 1017 Nicandri
1399 977 1624 1018 doctrinam

157 1050 395 1105 saepissime
424 1061 542 1091 suum
575 1047 772 1089 convertit
804 1047 844 1088 in
875 1059 1009 1089 usum.
1077 1046 1180 1088 lllud
1210 1047 1345 1100 potius
1375 1048 1515 1089 mirari
1547 1063 1620 1090 su-

155 1122 238 1170 bit,
283 1120 379 1175 quid
420 1119 474 1161 sit
516 1132 590 1160 cur
618 1118 811 1160 Nicandri
848 1118 997 1159 medici
1038 1118 1232 1159 memoria
1260 1118 1366 1172 apud
1397 1119 1619 1172 scriptores

155 1204 290 1232 rerum
342 1190 595 1232 medical-um
658 1201 829 1242 prorsus
889 1188 1154 1229 intermortua
1203 1187 1276 1237 sit,
1338 1189 1403 1229 vix
1463 1195 1506 1230 ut
1549 1202 1616 1230 se-

155 1261 235 1302 mel
275 1274 297 1302 a
329 1260 505 1309 Galeno‚
551 1259 815 1307 Dioscoride‚
859 1259 1047 1300 Oribasio
1077 1259 1141 1299 vel
1171 1259 1343 1301 medicis
1372 1260 1564 1301 Romanis
1578 1259 1617 1312 ¹)

157 1335 507 1371 commemoretur.
577 1329 767 1370 Fortasse
805 1328 883 1369 huc
917 1328 1060 1376 valuit,
1099 1328 1206 1382 quod
1244 1328 1447 1370 Nicander
1488 1331 1618 1383 empi-

154 1400 237 1441 rica
278 1404 429 1440 tantum
461 1398 618 1439 ratione
649 1398 888 1452 disciplinae
930 1397 1113 1439 medicae
1143 1411 1241 1439 usus
1274 1403 1356 1448 est,
1390 1412 1410 1439 a
1444 1412 1520 1453 qua
1551 1412 1617 1440 re-

155 1469 359 1511 centiores
381 1468 527 1509 medici
553 1468 756 1520 paullatim
789 1473 1050 1509 recesserunt
1080 1466 1150 1520 (cf.
1173 1468 1369 1520 Sprengel
1400 1468 1496 1510 hist.
1511 1470 1618 1510 med.

156 1553 192 1592 p.
226 1538 313 1578 594
352 1536 572 1589 Rosenb.);
617 1536 698 1577 nisi
738 1537 841 1577 sorte
878 1536 1228 1589 paraphrastarum
1258 1549 1380 1590 opera
1420 1544 1460 1579 et
1490 1538 1619 1592 epito-

155 1614 351 1649 matorum
385 1607 463 1660 ipsi
495 1606 697 1647 Nicandro
728 1607 1073 1659 praeferebantur.

293 1679 405 1728 Quae
447 1690 537 1718 cum
570 1676 624 1718 ita
655 1677 736 1718 sint
767 1689 928 1730 semper
958 1677 1126 1719 miratus
1157 1690 1269 1726 sum,
1313 1678 1443 1719 adbuc
1470 1677 1618 1719 Nican-

154 1746 269 1786 drum
292 1746 377 1786 fere
409 1745 598 1792 iacuisse,
631 1746 748 1786 cuius
767 1745 918 1797 scripta
949 1751 1028 1786 tam
1058 1759 1196 1786 rerum
1227 1746 1470 1787 naturalium
1500 1760 1618 1801 quam

154 1815 502 1868 grammaticarum
535 1815 729 1856 studiosis
760 1815 1017 1857 utilissimam
1049 1816 1265 1857 exercendi
1294 1816 1448 1869 ingenii
1481 1823 1521 1858 et
1545 1830 1616 1858 au—

153 1887 309 1939 gendae
341 1886 548 1927 doctrinae
572 1886 790 1938 praebeant
814 1886 1076 1938 provinciam.
1137 1886 1219 1928 Nec
1250 1893 1412 1939 praeter
1445 1888 1618 1928 Schnei-

154 1957 295 1998 derum
343 1962 382 1998 et
412 1956 625 1997 Lebrsium
668 1969 911 2010 quemquam
953 1957 1063 2006 scio,
1100 1958 1166 2011 qui
1204 1958 1255 1998 de
1284 1957 1484 1998 Nicandro
1513 1958 1617 2000 bene

152 2027 362 2067 meruerit.
431 2027 584 2067 Horum
615 2026 893 2068 Sclineiderus
932 2027 1166 2079 interpretis
1208 2034 1247 2067 et
1282 2027 1412 2068 critici
1446 2041 1616 2068 munere

152 2096 414 2138 mediocriter
451 2096 612 2138 functus
651 2102 733 2138 est:
774 2101 927 2137 textum
969 2096 1077 2138 enim
1109 2109 1231 2149 opera
1263 2096 1520 2137 tumultuaria
1548 2110 1615 2137 re-

153 2167 333 2215 censuit,
377 2180 617 2221 quamquam
649 2167 835 2209 excusari
867 2167 1012 2216 debet,
1057 2166 1124 2221 qui
1156 2166 1400 2219 optimorum
1431 2165 1615 2206 codicum

150 2236 309 2277 auxiliis
345 2236 469 2278 suerit
506 2236 743 2286 destitutus3
790 2236 1061 2277 elocutionem
1088 2235 1277 2277 Nicandri
1306 2248 1352 2276 ac
1383 2248 1450 2276 res
1483 2248 1615 2288 gram-

150 2307 316 2349 maticas
360 2314 399 2349 et·
441 2307 628 2349 metricas
667 2320 807 2361 parum
860 2307 1018 2348 curavit
1067 2307 1109 2347 in
1160 2306 1484 2358 commentariis3
1535 2307 1611 2347 sra-

152 2384 311 2428 gmenta
343 2379 520 2432 denique
553 2378 804 2431 negligenter
835 2378 1009 2430 collegit.
1070 2376 1266 2417 Lebrsius
1297 2382 1452 2424 autem,
1495 2376 1612 2416 cuius

150 2449 369 2490 novissime
400 2450 553 2503 prodiit
582 2449 771 2490 Nicandri
804 2449 953 2498 editio,
985 2449 1151 2489 meliora
1185 2448 1389 2497 dedisset,
1422 2448 1501 2488 nisi
1536 2448 1613 2488 sato

150 2517 703 2572 occubuissetjpraematuro.
773 2518 909 2572 ltaque
939 2519 1057 2560 nobis
1087 2519 1129 2559 iu
1161 2531 1346 2571 campum
1377 2519 1461 2558 sere
1493 2519 1613 2558 dere-

150 2584 287 2629 lictum
320 2589 573 2631 descendere
603 2589 765 2643 placuit,
799 2595 838 2630 et
868 2602 986 2630 curas
1018 2589 1392 2643 quantulascunque
1424 2589 1464 2629 in
1497 2588 1611 2629 colli-

151 2658 291 2706 gendis
318 2665 357 2701 et
387 2660 640 2702 illustrandis
672 2659 864 2702 Nicandri
895 2659 1130 2713 fragmentis
1160 2670 1327 2712 ponere.

242 2751 277 2790 l)
306 2752 410 2787 Cael.
436 2753 564 2787 Aurei.
590 2754 704 2787 verba
737 2763 851 2798 supra
874 2753 999 2787 attuli.
1060 2752 1136 2785 Sed
1163 2750 1290 2784 nescio
1320 2760 1368 2784 an
1395 2748 1466 2782 huc
1491 2747 1609 2792 perti-

148 2808 260 2840 neant
298 2807 517 2844 Glossarum
547 2809 781 2854 fragmenta,
821 2820 917 2856 quae
954 2808 1054 2845 infra
1081 2808 1189 2854 posui
1216 2818 1263 2842 ex
1301 2804 1473 2841 Erotiani
1508 2805 1610 2850 glos·

148 2862 245 2898 sario
277 2866 519 2913 Hippocratis
543 2868 675 2913 petita.

1303 2924 1331 2965 2
