1811 3132
894 116 923 162 2

174 231 254 276 τὸν
281 230 537 275 τελευταῖον
569 222 768 286 ἷίρξαντα
794 226 1055 287 Περγάμου,
1087 224 1138 282 ὃς
1162 232 1391 292 κατελύθη
1420 230 1513 279 ὖπὸ
1541 233 1646 279 Ῥω-

176 300 340 358 μαίων.
401 299 644 353 intelligitur
673 298 762 340 sine
795 299 918 341 dubio
947 301 1101 343 Attalus
1133 301 1206 353 111,
1240 304 1308 358 qui
1341 305 1391 346 ab
1422 319 1527 347 anno
1562 307 1644 349 138

178 397 235 404 «-
260 373 344 415 133
386 371 575 424 Pergami
616 370 795 422 regnavit
838 376 877 410 et
908 370 1123 423 imperium
1165 385 1239 426 per
1269 375 1533 418 hereditatem
1564 380 1645 419 Ro-

178 443 310 486 manis
337 439 527 488 tradidit,
570 438 736 492 proprie
767 444 898 480 autem
932 437 1248 497 καταλυθῆναι
1283 435 1376 485 ὑπὸ
1407 436 1644 499 Ῥωμαίων

179 514 261 554 dici
302 524 384 552 non
414 509 558 563 potuit.
619 509 772 549 Eadem
816 509 934 549 habet
964 509 1156 551 Eudocia.
1219 512 1365 553 Contra
1398 514 1544 554 Suidas
1582 515 1644 554 di-

175 593 315 623 versas
345 579 395 633 de
425 575 616 618 Nicandri
655 582 785 617 aetate
818 577 1062 627 sententias,
1107 592 1208 633 quae
1251 580 1329 633 ipsi
1370 581 1641 632 innotuerant,

177 652 231 692 ita
264 651 308 691 in
336 660 464 690 unum
496 646 705 695 conflavit,
747 652 790 686 ut
831 653 989 699 poetam
1019 644 1134 688 κατὰ
1163 644 1242 689 τὸν
1273 647 1373 691 νέον
1404 644 1644 703 ’Ἀτταλον,

175 711 314 776 ἤγουν
342 713 420 759 τὸν
445 712 717 768 τελευταῖον,
747 711 826 757 τὸν
848 715 891 755 Γ
889 713 1171 772 αλατονίκην,
1203 711 1255 759 ὃν
1271 712 1485 772 Ῥωμαῖοι
1514 719 1645 764 κατέ-

177 787 341 839 λυσαν,
375 786 528 828 vixisse
571 784 740 834 dixerit,
785 784 853 827 ubi
887 786 1030 827 saltem
1062 786 1277 839 legendum
1303 789 1488 832 videtur:
1530 788 1644 832 κατὰ

176 855 254 901 τὸν
279 855 381 900 νέον
414 853 615 912 (πρῶτον
627 853 669 905 Ῥ)
700 845 924 895 ’Ἀτταλον
951 851 1028 895 τὸν
1053 854 1095 893 Γ
1093 851 1361 913 αλατονίκην
1401 850 1537 915 ἤγουν
1568 855 1645 912 τὸν

175 924 452 976 τελευταῖον,
484 914 535 965 ὃν
567 920 658 964 κτλ.
719 924 875 965 Attalus
907 924 1015 966 enim
1049 925 1302 968 Galatonices
1342 929 1410 983 qui
1458 929 1509 970 ab
1541 942 1645 970 anno

175 994 427 1038 241—197
461 994 576 1046 regio
608 994 771 1034 nomine
804 995 928 1035 rebus
959 995 1303 1048 Pergamenorum
1333 1000 1527 1051 praefuit,
1563 1006 1645 1041 toto

176 1066 319 1109 aeculo
349 1066 398 1107 ab
428 1064 558 1106 Attalo
588 1063 653 1112 ΙΙΙ,
688 1064 756 1118 qui
789 1077 810 1105 a
831 1077 913 1106 nno
942 1064 1023 1106 133
1048 1066 1161 1116 obiit,
1195 1067 1271 1109 fuit
1300 1068 1500 1111 diversus.
1562 1070 1643 1110 lam

177 1136 427 1179 recentiores
461 1134 682 1187 philologi,
724 1134 791 1188 qui
833 1135 883 1176 de
914 1135 1107 1177 Nicandri
1141 1137 1220 1178 vita
1250 1139 1523 1191 scripserunt,
1553 1126 1645 1180 me-

176 1206 285 1248 diam
316 1203 517 1259 quandam
546 1203 652 1243 viam
679 1202 858 1255 ingressi
891 1210 998 1253 sunt,
1028 1204 1083 1245 ita
1113 1211 1157 1246 ut
1188 1206 1294 1247 circa
1324 1220 1387 1249 an.
1415 1205 1496 1248 150
1516 1194 1646 1249 Attalo

176 1276 223 1317 11.
255 1280 448 1328 regnante
478 1272 666 1314 floruisse
695 1285 788 1313 eum
821 1272 1118 1327 statuerent¹);
1147 1288 1292 1317 vereor
1326 1282 1460 1318 tamen
1482 1290 1533 1319 ne
1558 1277 1648 1320 ido-

176 1358 252 1386 nea
284 1344 466 1385 destituti
497 1342 748 1383 auctoritate.
819 1343 917 1384 Nam
958 1344 992 1384 si
1025 1345 1207 1399 reliquos
1240 1347 1489 1400 antiquitatis
1522 1354 1645 1389 testes

178 1413 556 1468 circumspicimus,
599 1418 738 1454 auctor
770 1413 1175 1465 dissertatiunculae‚
1220 1417 1285 1458 cui
1318 1417 1424 1459 inter
1451 1420 1645 1472 prolego-

175 1500 297 1529 mena
328 1486 371 1527 in
402 1484 666 1526 Theocritum
696 1480 804 1540 περὶ
834 1482 923 1524 τῶν
956 1483 1038 1539 τῆς
1078 1481 1310 1541 ποιήσεως
1348 1484 1645 1545 χαρακτήρων

177 1557 439 1606 inscribitur,
482 1554 743 1596 Theocritum
783 1554 893 1595 Arati
936 1554 1167 1596 Callimachi
1199 1556 1403 1597 ‘Nicandri
1435 1558 1642 1611 aequalem

178 1629 310 1670 fuisse
343 1627 461 1676 dicit,
505 1638 677 1679 quorum
706 1630 878 1666 aetatem
918 1625 966 1664 ad
1008 1624 1231 1666 Ptolemaei
1270 1625 1528 1679 Philadelphi
1568 1627 1646 1667 im-

175 1692 337 1753 perium
373 1698 428 1750 (a.
470 1691 759 1745 284—246)
800 1693 940 1734 refert.
1013 1693 1188 1734 Omnino
1241 1699 1357 1736 vetus
1401 1700 1487 1736 erat
1527 1696 1645 1746 sama,

174 1768 286 1811 Arati
319 1766 387 1820 qui
418 1766 494 1807 sub
523 1764 723 1817 Antigona
756 1764 908 1804 Gonata
941 1763 1075 1804 floruit
1099 1764 1307 1817 aequalem
1333 1765 1460 1805 fuisse
1496 1765 1644 1806 Nican-

178 1837 320 1886 drum3
352 1833 649 1886 accedebatque
678 1832 815 1885 inepta
847 1831 993 1878 sabula,
1026 1831 1274 1884 Antigonum
1294 1833 1428 1882 Arato,
1461 1834 1529 1888 qui
1558 1847 1644 1874 me-

177 1906 295 1947 dicus
329 1909 461 1951 esset,
504 1901 764 1955 praecepisse
797 1906 841 1941 ut
871 1900 921 1941 de
951 1900 1272 1953 Phaenomenis,
1314 1901 1516 1944 Nicandro
1548 1917 1645 1945 vero

175 1974 382 2026 astrologo
427 1978 467 2013 et
508 1984 646 2013 rerum
685 1971 936 2012 medicarum
969 1970 1172 2025 imperito,
1205 1978 1250 2013 ut
1279 1972 1329 2013 de
1361 1973 1572 2015 Theriacis
1607 1981 1647 2015 ct

175 2043 521 2098 Alexipharmacis
548 2042 726 2084 carmina
759 2048 1034 2094 componeret.
1095 2042 1305 2084 Refutatur
1334 2043 1413 2092 hoc
1440 2057 1646 2086 commen-

176 2122 263 2157 tum
295 2128 318 2156 a
350 2112 650 2167 grammaticis,
695 2124 867 2166 quorum
899 2111 1027 2152 libelli
1070 2111 1120 2151 de
1152 2111 1233 2152 vita
1262 2112 1373 2153 Arati
1405 2119 1645 2166 supersunt:

177 2184 329 2225 etenim
360 2183 461 2223 alter
491 2181 737 2222 Nicandrum
770 2180 986 2221 duodecim
1018 2180 1322 2233 olympiadibus
1353 2182 1554 2223 minorem
1586 2184 1645 2223 fa-

176 2254 234 2295 cit
265 2254 391 2306 (Arat.
423 2252 492 2293 vit.
513 2250 639 2292 Bekk.
661 2263 701 2304 p.
734 2250 827 2302 48),
855 2250 957 2291 alter
988 2245 1103 2291 κατὰ
1133 2245 1212 2290 τὸν
1242 2247 1451 2303 πέμπτον
1470 2249 1646 2293 Πτολε-

173 2322 311 2376 μαῖον
342 2322 635 2375 (Ptolemaeum
670 2320 770 2362 dicit
799 2320 1052 2374 Epiphanem
1082 2332 1117 2361 a.
1149 2318 1423 2373 294-181)
1463 2334 1555 2363 eum
1586 2322 1648 2363 vi-

173 2394 284 2436 xisse
321 2393 443 2436 tradit
484 2393 612 2443 (Arat.
645 2391 707 2433 ed.
739 2391 867 2432 Buhle
900 2390 945 2433 11.
975 2403 1015 2444 p.
1046 2388 1148 2432 432.
1181 2389 1370 2432 Schneid.
1402 2390 1489 2432 Nic.
1522 2391 1643 2433 Ther.

172 2476 214 2517 p.
245 2462 308 2514 4).
388 2462 528 2517 Itaque
555 2462 700 2504 horum
739 2475 901 2517 quoque
943 2460 1263 2516 computationes
1291 2461 1542 2515 temporibus
1574 2463 1646 2503 At-

270 2646 310 2693 1)
335 2645 497 2682 Ritschl.
524 2646 570 2681 de
596 2646 687 2682 bibl.
703 2646 814 2683 Alex.
839 2658 877 2692 p.
894 2645 952 2682 86.
973 2658 1009 2682 n.
1038 2649 1077 2681 et
1102 2645 1160 2682 90.
1179 2648 1308 2681 natum
1334 2656 1417 2681 esse
1443 2647 1553 2691 putat
1577 2643 1644 2680 Ni—

176 2708 355 2741 candrum
392 2707 461 2741 sub
494 2706 607 2740 finem
640 2706 790 2751 imperii
827 2705 948 2741 Attali
973 2705 1001 2740 I.
1030 2716 1061 2740 c.
1088 2705 1148 2739 Ol.
1179 2705 1257 2748 145,
1295 2708 1483 2740 mortuum
1522 2714 1553 2738 c.
1584 2704 1645 2738 Ol.

174 2762 357 2799 160-161
374 2792 382 2807 ,
421 2766 605 2808 regnante
630 2763 759 2797 Attalo
785 2763 847 2797 111.
871 2782 919 2789 —-
969 2761 1136 2797 Clinton.
1171 2762 1199 2798 1.
1224 2763 1250 2797 1.
1276 2773 1314 2807 p.
1340 2761 1428 2797 528:
1455 2760 1645 2796 Nicander

172 2821 223 2857 of.
245 2820 447 2867 Colophon
470 2822 513 2858 B.
540 2821 583 2858 C.
606 2821 684 2859 182.
714 2820 793 2860 138.
820 2821 866 2858 cf.
893 2821 1054 2858 eundem
1079 2820 1128 2875 ad
1155 2819 1223 2856 hos
1249 2831 1380 2857 annos.
