1811 3132
877 141 906 185 3

154 263 221 305 tali
268 246 388 314 primi
430 271 521 300 eum
563 251 783 300 ascribunt.
821 256 956 314 ‚Rem
998 262 1131 299 autem
1179 260 1394 302 conficeret
1423 261 1618 303 Athenaei

154 334 266 374 locus
298 331 377 372 XV.
400 317 446 382 ip.
477 324 569 369 '684
599 344 657 389 e.,
707 343 728 370 a
759 329 923 370 nemine
959 336 1152 383 quantum
1183 330 1270 371 scio
1302 331 1345 371 in
1384 331 1458 372 hac
1493 345 1617 385 quae-

155 404 286 445 stione
318 399 549 449 adhibitus,
583 400 654 441 ubi
686 400 953 452 fragmentum
986 399 1176 441 Nicandri
1207 412 1229 440 e
1260 400 1431 454 Carystii
1463 400 1614 453 Perga-

153 474 259 514 meni
291 466 535 525 ἱστορικοῖς
565 462 862 523 ὑπομνήμασι
901 470 1068 519 citatur,
1101 458 1180 511 nisi
1210 457 1333 512 huius
1364 472 1614 523 grammatici

153 550 261 584 aetas
299 541 452 581 incerta
492 544 616 579 esset.
685 538 782 579 Nam
827 539 979 579 fallitur
1027 539 1274 592 Wegnerus,
1311 540 1379 593 qui
1417 540 1612 581 Athenaei

153 612 285 654 verbis
325 609 423 651 XIV.
461 622 501 662 p.
545 606 629 648 620
673 622 709 649 e.
752 609 1005 662 negligenter
1052 609 1268 662 inspectis,
1326 623 1418 650 eum
1463 616 1615 651 temere

152 680 320 722 Sotadae
351 678 611 719 Alexandrini
652 678 777 718 filium
810 679 906 719 fecit
929 678 1000 728 (de
1030 679 1119 719 aula
1150 678 1266 719 Attal.
1298 691 1338 730 p.
1374 678 1508 732 186),
1540 693 1613 719 ne-

153 762 229 804 que
267 747 440 790 certiora
481 746 531 788 de
561 746 648 801 ejus
680 752 810 787 aetate
840 746 1044 800 Koepkius
1077 746 1127 787 de
1158 746 1347 799 hypomn.
1381 747 1449 787 Gr.
1482 759 1522 799 p.
1558 746 1612 787 13

151 819 331 873 protulit.
362 817 562 858 Ritterum
592 830 690 858 vero
717 817 937 865 mittimus,
987 817 1056 870 qui
1088 817 1138 857 de
1163 816 1332 868 Didymo
1363 829 1402 868 p.
1436 814 1491 854 52
1526 816 1613 869 ejus

153 894 322 930 aetatem
361 887 411 928 ad
440 887 637 928 Eumenis
673 886 702 928 1.
743 887 958 940 imperium
1010 884 1064 939 (a.
1106 884 1191 926 263
1216 883 1394 936 -241)
1444 885 1611 926 rettulit.

152 958 288 1010 Itaque
331 956 501 1010 reliquis
544 957 897 1010 grammaticorum
937 956 1184 998 testimoniis
1230 956 1272 997 in
1303 968 1426 997 unum
1457 955 1613 997 collatis

151 1028 339 1069 floruisse
369 1027 526 1068 videtur
555 1027 756 1069 Nicander
783 1028 826 1068 in
857 1027 1043 1069 confiniis
1072 1026 1223 1068 saeculi
1251 1026 1360 1067 tertii
1394 1031 1434 1066 et
1460 1038 1613 1067 secun-

154 1099 208 1139 di.
269 1098 387 1139 Attali
421 1098 450 1138 Ι.
493 1098 665 1152 imperio
714 1104 826 1139 certe
867 1097 1038 1140 inferior
1079 1110 1160 1139 non
1196 1097 1294 1145 fuit;
1333 1110 1408 1138 nec
1445 1096 1615 1137 multum

153 1168 358 1221 discrepat
386 1169 613 1221 Wegnerus
644 1181 682 1221 p.
719 1167 815 1209 171.

267 1238 420 1278 Attalus
460 1245 592 1279 autem
634 1224 886 1279 Galatonices
927 1237 962 1278 is
995 1243 1079 1286 est,
1121 1237 1188 1291 qui
1231 1237 1361 1290 prima
1390 1236 1613 1276 litterarum

151 1308 337 1360 Pergami
367 1307 462 1348 iecit
491 1308 750 1349 fundamenta
785 1314 825 1349 et
855 1308 1013 1349 doctam
1046 1307 1243 1361 quandam
1271 1305 1452 1348 condidit
1480 1305 1613 1346 socie-

152 1382 285 1426 tatem,
316 1377 546 1419 convocatis
578 1378 759 1432 undique
781 1377 917 1431 magni
941 1377 1121 1419 nominis
1145 1377 1330 1426 eruditis,
1363 1376 1509 1430 quibus
1540 1387 1613 1415 ne-

151 1447 369 1489 cessariam
411 1447 615 1489 doctrinae
658 1449 954 1502 supellectilem
996 1447 1217 1488 liberaliter
1255 1447 1422 1500 paravit.
1485 1444 1615 1487 Huius

152 1518 274 1570 igitur
305 1518 431 1570 gratia
460 1518 707 1560 Nicandrum
732 1532 893 1572 quoque
939 1518 1128 1559 floruisse
1163 1530 1254 1558 cum
1284 1530 1359 1570 per
1388 1530 1434 1557 se
1463 1516 1611 1568 proba-

151 1587 230 1627 bile
257 1588 321 1635 sit,
352 1593 436 1627 tum
468 1589 562 1628 inde
593 1588 729 1641 colligi
759 1593 916 1641 potest,
949 1588 1055 1641 quod
1084 1586 1285 1627 Nicander
1316 1586 1464 1626 librum
1496 1598 1615 1625 suum

153 1655 203 1694 de
232 1655 493 1707 Colophoniis
521 1656 652 1708 poetis
674 1656 802 1696 Attalo
834 1655 1056 1707 inscripsit,
1090 1654 1140 1695 de
1163 1667 1242 1708 quo
1266 1653 1370 1694 infra
1401 1665 1612 1705 exponam.

151 1723 335 1763 Ceterum
368 1736 416 1763 ex
443 1722 677 1776 antiquitate
709 1736 828 1764 nemo
861 1723 911 1763 de
943 1722 1150 1763 domicilio
1181 1721 1372 1762 Nicandri
1393 1722 1611 1774 Pergame—

151 1805 202 1832 no
236 1791 367 1832 tradit.
429 1792 565 1846 ltaque
609 1793 868 1833 temerarium
908 1792 1071 1833 videtur
1102 1792 1364 1841 „auctoribus
1397 1797 1438 1831 et
1468 1791 1613 1831 condi-

152 1861 307 1903 toribus
349 1862 409 1903 rei
454 1862 673 1904 litterariae
715 1864 985 1917 Pergamenae
1026 1862 1273 1905 Nicandrum
1305 1862 1613 1917 Colophonium

150 1942 438 1978 annumerare,
474 1931 538 1971 cui
569 1932 706 1972 forsan
739 1932 826 1984 ipse
859 1933 1025 1978 Crates,
1066 1944 1156 1973 cum
1182 1932 1341 1973 iuvenis
1370 1932 1611 1984 Pergamum

151 1998 319 2048 veniret,
351 2000 612 2054 praecipuam
646 2002 832 2043 debuerit
863 2002 1101 2055 disciplinae
1134 2002 1417 2054 grammaticae
1447 2002 1611 2043 institu-

151 2068 396 2122 tionem1).“
428 2096 485 2101 —
1558 2075 1561 2078 '

290 2140 447 2195 Scripta
476 2141 664 2184 Nicandri
706 2155 890 2196 magnam
929 2149 1082 2197 partem
1125 2143 1334 2185 recensuit
1365 2142 1533 2184 Suidas:
1563 2143 1613 2183 de

152 2209 298 2261 quibus
345 2216 558 2264 antequam
600 2225 819 2264 exponam,
864 2226 912 2253 ex
941 2227 987 2253 re
1014 2214 1173 2254 videtur
1206 2214 1255 2253 de
1284 2214 1375 2254 aliis
1404 2213 1613 2254 monuisse

152 2277 263 2328 viris,
298 2280 364 2333 qui
399 2281 540 2322 eodem
574 2282 738 2323 nomine
770 2283 1058 2324 inclaruerunt.
1120 2283 1284 2324 Praeter
1311 2295 1381 2323 eos
1414 2295 1510 2322 vero
1541 2282 1612 2322 Ni-

151 2347 337 2398 candros,
372 2363 541 2403 quorum
575 2351 736 2391 nomina
768 2357 920 2392 tantum
954 2352 1228 2400 innotuerunt,
1263 2351 1371 2391 velut
1403 2364 1504 2403 quos
1534 2351 1612 2391 Fa-

151 2416 252 2458 bric.
281 2419 383 2460 Bibl.
418 2420 485 2461 Gr.
516 2421 562 2462 T.
596 2421 656 2462 lV.
688 2433 726 2474 p.
759 2420 842 2462 353
871 2421 981 2463 Harl.
1016 2421 1188 2469 indicat,
1224 2426 1307 2461 tres
1336 2419 1537 2472 imprimis
1571 2419 1612 2460 in

152 2502 317 2531 censum
360 2491 538 2532 veniunt.
610 2494 789 2542 Quorum
829 2493 1006 2546 primus,
1046 2492 1249 2533 Nicander
1298 2490 1611 2539 Alexandrinus,

151 2558 330 2601 incertae
380 2562 520 2603 aetatis
563 2562 760 2615 scriptor,
812 2563 963 2604 librum
1004 2558 1112 2618 περὶ
1150 2560 1237 2602 τῶν
1271 2554 1613 2617 Ἀριστοτέλους

151 2628 386 2686 μαθητῶν,
418 2630 564 2673 Suidae
587 2631 787 2673 laudatum
805 2645 842 2673 v.
864 2626 1113 2689 Αἰσχρίων,
1144 2630 1324 2685 reliquit,
1358 2642 1478 2685 quem
1507 2630 1611 2671 male

245 2779 282 2822 1)
308 2780 479 2825 Wegner.
504 2783 530 2816 l.
554 2783 580 2817 l.
607 2794 643 2828 p.
675 2783 741 2817 172
776 2793 886 2828 quem
912 2786 1053 2817 temere
1088 2786 1131 2818 ut
1164 2782 1204 2817 in
1231 2781 1386 2828 reliquis
1413 2780 1614 2829 exscripsit

153 2835 407 2878 Graefenhan.
433 2840 521 2877 hist.
547 2840 641 2888 phil.
669 2843 778 2879 class.
803 2843 832 2879 I.
851 2854 887 2890 p.
913 2843 995 2881 411.
1025 2864 1067 2871 -

1271 2900 1331 2945 1.
