1811 3132
804 147 862 192 39

98 277 193 318 hine
230 275 420 328 delapsus
453 280 515 315 est
542 271 590 313 ad
631 271 902 312 narrationem
944 271 992 311 de
1036 269 1183 324 Psyllis
1216 268 1386 311 canibus
1434 273 1474 311 et
1505 280 1574 310 co-

103 346 233 399 gnatis
266 344 537 397 argumentis,
596 355 696 395 quae
724 355 796 395 per
839 341 1043 394 copiosam
1091 340 1390 391 digressionem
1428 352 1571 392 perse—

101 422 305 470 queretur.

242 486 367 526 Porro
407 485 470 526 his
520 498 603 526 non
635 484 936 525 dissentaneum
964 491 1007 524 ut
1038 485 1301 536 subiungatur
1332 483 1571 537 pentametri

101 556 364 608 fragmentum
398 553 500 606 apud
532 554 659 607 Etym.
686 552 736 594 Μ.
770 567 805 594 ν.
839 551 947 609 εὔρις
979 553 1109 598 κύωνε
1154 552 1411 610 Νίκανδρος·

493 621 698 676 ”Λρτεμις
726 621 892 678 εὗρίνων
924 622 1049 677 ἑσμὸν
1079 623 1180 680 ἄγει.

241 694 389 735 Ultimo
430 693 518 735 loco
551 693 757 734 Scliolium
801 706 995 748 apponam
1037 694 1078 734 in
1112 695 1234 736 Ther.
1267 693 1374 744 781,
1420 694 1489 736 ubi
1522 695 1571 735 de

105 764 277 817 scorpiis
320 776 453 805 sermo
497 770 580 806 est:
622 761 669 807 τὸ
710 761 747 806 δ’
787 762 1053 818 ἐννεάδεσμον
1093 761 1186 822 ἤτοι
1225 766 1342 808 ἐννέα
1373 764 1574 820 ἁρμογαῖς

103 832 233 890 ἤγουν
251 836 437 889 θεσμοῖς
452 833 520 877 καὶ
548 832 696 889 ἁρμοῖς
729 836 768 876 οἱ
799 832 1030 887 σφόνδυλον
1061 832 1344 893 συνεχόμενοι·
1377 831 1405 892 ἢ
1434 832 1573 879 ἐννεά-

106 904 248 961 δεσμοι
272 902 398 960 ἤγουν
425 901 703 958 πολύὸεσμοι·
739 902 788 947 οὗ
816 902 901 958 γὰρ
919 905 1081 956 πλείους
1104 909 1183 948 τῶν
1206 904 1313 948 ἑπτὰ
1343 908 1445 963 ἔχων
1472 905 1573 960 ὁρᾶ-

103 987 190 1016 ται·
225 973 293 1018 καὶ
323 975 360 1016 εἰ
390 968 537 1023 οὕτως,
570 972 634 1015 δεῖ
661 971 706 1015 τὸ
739 971 1010 1027 ἐννεάδεσμον
1029 970 1192 1016 ἀκούειν
1222 972 1571 1029 ἐπιρῥηματικῶς·

105 1043 152 1088 τὸ
191 1041 275 1099 γὰρ
313 1045 429 1088 ἐννέα
461 1043 526 1085 ἐπὶ
557 1039 753 1099 πλήθους
784 1044 990 1096 τέτακται,
1025 1041 1077 1093 ὡς
1106 1041 1269 1085 ἄλλοθι
1299 1042 1320 1084 ὃ
1344 1040 1574 1097 Νίκανδρος

104 1114 306 1169 μέμνηται
344 1115 423 1156 τοῦ
466 1110 543 1154 δύο
585 1114 733 1165 κέιτρα
774 1113 962 1166 ἔχοντος,
999 1108 1281 1167 ἐννεάκεντρον
1315 1109 1448 1155 εἰπών
1485 1111 1572 1155 κτλ.

108 1184 255 1224 Contra
286 1183 407 1224 Plinii
440 1183 584 1230 verba,
617 1183 666 1226 ΙΙ.
687 1183 732 1224 Ν.
751 1183 844 1232 ΧΧ,
879 1183 953 1224 96;
987 1183 1259 1233 ,‚Petriclius,
1295 1183 1362 1237 qui
1397 1183 1573 1236 Opliiaca

107 1254 294 1306 scripsit,
338 1259 378 1294 et
415 1254 563 1294 Miston
606 1254 672 1307 qui
706 1254 1077 1302 rliizotomumeiia,
1117 1255 1314 1294 adversus
1359 1260 1572 1306 serpentes

105 1324 207 1365 niliil
258 1323 586 1376 liippomaratliro
627 1325 827 1365 efficacius
870 1330 1073 1376 putavere.
1155 1325 1258 1363 Sane
1300 1330 1339 1364 et
1372 1324 1575 1365 Nicander

106 1407 187 1435 non
220 1394 261 1435 in
293 1394 525 1434 novissimis
556 1395 721 1447 posuit“
751 1395 800 1435 ad
834 1394 954 1435 Ther.
983 1408 1016 1434 v.
1043 1392 1139 1433 596.
1170 1393 1268 1434 599.
1300 1394 1542 1446 respiciunt.

243 1463 320 1504 Sed
344 1463 384 1504 in
402 1464 465 1505 his
485 1464 692 1517 paulisper
714 1465 1033 1506 subsistendum.
1082 1465 1271 1519 Reliquas
1291 1472 1427 1518 partes
1447 1478 1572 1519 qnae-

108 1534 283 1575 stionum
330 1535 379 1575 de
411 1534 599 1576 Nicandri
630 1536 825 1588 poematis
860 1541 900 1577 et
931 1535 1157 1577 elocutione
1190 1537 1408 1589 posteriori
1441 1539 1572 1589 parti-

112 1603 224 1644 culae
257 1603 438 1656 sepositi.

665 2592 983 2634 ERRATA.

517 2669 552 2702 P.
577 2669 599 2702 2
627 2671 647 2704 l.
676 2670 716 2704 13
746 2672 767 2705 l.
794 2673 922 2706 saeculo
947 2690 992 2697 —
1018 2684 1112 2707 anno.

516 2739 548 2770 p.
575 2728 597 2762 2
623 2731 645 2764 l.
669 2729 713 2762 23
742 2731 762 2764 l.
791 2732 962 2772 Antigono.

516 2798 549 2828 p.
574 2785 595 2819 6
622 2788 643 2821 Ι.
670 2787 690 2821 5
717 2790 740 2824 Ι.
770 2784 803 2831 ἢ.

516 2856 547 2887 p.
576 2845 618 2879 18
643 2848 663 2880 l.
690 2847 736 2881 29
762 2849 783 2881 Ι.
811 2850 954 2882 Etiamsi.

516 2915 550 2947 p.
573 2904 619 2939 24
644 2906 665 2940 l.
691 2906 713 2939 4
741 2909 761 2940 l.
788 2906 918 2950 εἰσελή-
