1811 3132
940 122 1002 169 -18

242 242 287 290 ut
312 248 353 290 in
384 245 556 302 reliquis
587 245 809 298 Athenaeo)
842 241 1030 287 Σόλωνά
1058 256 1173 301 φησι
1196 241 1388 300 σώματα
1420 240 1709 305 ἀγοράσαντα

242 309 453 375 εὖπρεπῆ
484 312 565 358 ἐπὶ
602 312 761 372 στέγης
801 314 966 371 στῆσαι
1003 313 1080 357 διὰ
1121 313 1229 366 τοὺς
1254 315 1403 370 νέους,
1436 315 1512 360 καὶ
1542 313 1592 361 ἐκ
1621 316 1709 361 τῶν
1789 361 1793 368 ,

240 384 601 445 περιγενομένων
657 383 897 442 χρημάτων
942 380 1223 442 ἱδρύσασθαι
1269 381 1543 445 Ἀφροδίτης
1591 399 1707 431 παν-

241 451 389 511 δήμου
421 446 545 510 ἱερόν
573 451 662 496 κτλ.
695 477 752 485 -
783 454 841 495 De
872 467 930 503 re,
960 454 1009 495 ad
1039 467 1156 508 quam
1189 452 1264 495 Dio
1297 455 1437 510 Chrys.
1469 457 1541 498 v11
1559 470 1599 510 p.
1620 455 1704 498 271
1787 446 1794 461 ³

238 524 286 566 R.
319 524 470 574 allusit,
506 524 561 584 οἵ..
581 522 688 564 Plut.
713 523 796 564 Sol.·
819 536 853 564 c.
881 522 948 572 15,
981 529 1020 564 et
1039 523 1073 564 si
1099 523 1166 577 qui
1197 523 1246 564 de
1277 524 1386 565 cultu
1421 519 1560 583 Ἀφρ.
1593 536 1706 568 παν-
1789 532 1795 561 ’τ

239 592 388 651 δήμου
414 596 577 637 edoceri
598 594 780 648 cupiunt,
813 594 958 635 adeant
976 594 1117 635 Athen.
1133 594 1233 644 XIV,
1254 594 1339 635 659
1359 596 1396 637 d.
1421 597 1513 638 coll.
1529 597 1704 638 Boeckh.
1790 607 1796 614 ·

238 665 282 716 C,
301 667 329 709 1.
367 664 465 707 470.
492 665 638 707 Siebel.
670 665 713 706 in
743 665 913 706 Pausan.
947 663 978 713 Ι,
1010 662 1082 713 22,
1112 664 1137 705 3
1169 677 1207 717 p.
1238 664 1304 706 74.

376 734 501 777 Plinii
534 734 674 783 verba,
708 732 755 775 Η.
778 732 825 775 Ν.
854 732 1025 782 xxxvl,
1048 730 1129 775 25:
1166 733 1360 786 „Magnes
1392 712 1616 788 appellatus
1644 743 1705 777 est
1794 710 1798 731 ³

236 804 286 846 ab
316 805 541 853 inventore,
576 808 619 844 ut
649 808 790 844 auctor
821 808 884 844 est
900 802 1115 853 Nicander,
1144 803 1187 843 in
1217 803 1287 845 Ida
1317 808 1534 858 repertus“
1567 829 1621 836 -
1654 806 1703 847 ad

237 875 535 929 Colophoniaca
567 873 723 915 rettulit
752 872 880 926 Heyn.
914 873 1078 914 dissert.
1110 873 1264 928 antiqq.
1292 874 1340 923 11,
1370 888 1409 928 p.
1443 874 1540 917 109.
1602 876 1704 918 Pos—

235 949 330 986 sunt
372 944 494 984 etiam
534 943 584 983 ad
625 942 881 983 Heteroeum.
923 941 950 982 l.
982 940 1040 982 111
1070 942 1243 992 referri,
1288 943 1329 983 in
1373 957 1452 997 quo
1494 949 1617 986 totam
1651 946 1703 986 de

232 1014 416 1067 Magnete
434 1013 607 1054 fabulam
624 1011 866 1065 exposuisse
885 1010 1049 1052 videtur
1067 1010 1281 1061 Nicander,
1307 1025 1343 1053 v.
1357 1013 1449 1054 Ant.
1472 1013 1609 1054 Liber.
1630 1011 1701 1053 23.

372 1078 527 1124 Eodem
574 1082 716 1123 saltem
758 1081 848 1122 iure
887 1080 1197 1133 Colophoniacis
1232 1094 1277 1122 ea
1310 1081 1566 1131 adscribam,
1600 1095 1702 1136 quae

231 1152 338 1208 apud
380 1151 494 1195 Suid.
535 1165 573 1193 v.
610 1144 876 1208 Εὐρύβατος
914 1155 953 1191 et
982 1149 1102 1192 Mich.
1133 1151 1273 1204 Apost.
1299 1149 1367 1201 IX,
1401 1150 1455 1192 33
1490 1151 1701 1206 leguntur:

229 1215 499 1281 Εὐρύβατος
526 1213 630 1280 ἤτοι
657 1216 874 1279 πονηρός.
901 1214 996 1263 ἀπὸ
1021 1220 1105 1264 τοῦ
1124 1219 1422 1279 πεμφθέντος
1444 1214 1537 1266 ὑπὸ
1557 1221 1703 1281 Κροί-

232 1306 316 1337 σου
347 1288 427 1336 ἒπὶ
455 1287 738 1347 ξενολογίαν,
771 1286 834 1340 ὥς
866 1303 1004 1347 φησιν
1036 1283 1261 1349 Ἔφορος,
1294 1284 1392 1334 εἶτα
1422 1290 1701 1347 μειαβαλλο-

229 1360 369 1418 μένου
402 1359 522 1421 πρὸς
551 1361 719 1419 Κῦρον·
753 1355 799 1403 οἱ
830 1357 880 1405 δὲ
911 1356 988 1403 τὸν
1020 1359 1251 1419 Κέρκωπα
1281 1358 1359 1405 τὸν
1391 1359 1556 1421 ἕτερον.
1586 1359 1697 1407 Διό-

228 1442 361 1489 τιμος
387 1427 666 1490 ςΗρακλέους
695 1427 742 1474 ἐν
768 1423 960 1480 ὅτ’θλοις·

345 1500 597 1562 Κέρκωπές
626 1515 700 1544 τοι
728 1497 881 1543 πολλὰ
924 1497 1040 1542 κατὰ
1081 1496 1298 1559 τριόδους
1333 1496 1567 1552 κατιόντες

346 1573 565 1618 Βοιωτῶν
597 1569 797 1614 σίνοντο·
827 1568 955 1627 γένος
984 1565 1020 1613 τ’
1053 1565 1160 1613 ἔσαν
1187 1565 1441 1628 Οἱχαλιῆες,

336 1637 476 1694 Ὦλός
504 1637 540 1685 τ’
573 1636 842 1699 Εὐρύβατός
872 1654 921 1682 τε
952 1635 1047 1683 δύω
1073 1637 1383 1698 βαρυδαίμονε
1412 1634 1558 1700 ἄνδρε.

226 1712 510 1773 Νίκανδρος·
556 1706 799 1767 Αἰγίνεον.
825 1743 834 1753 .
875 1704 1140 1767 Εὐρύβατον
1190 1710 1570 1768 πανουργότατον.
1604 1738 1607 1740 —
1640 1714 1698 1755 De

224 1786 431 1840 Eurybato
460 1784 524 1825 vel
551 1782 754 1836 Eurybate
797 1780 879 1834 (sic
911 1782 1078 1834 Gregor.
1109 1782 1198 1823 Cor.
1228 1782 1271 1822 in
1301 1782 1491 1835 Hermog.
1523 1783 1596 1825 Rh.
1628 1784 1696 1825 Gr.

224 1852 319 1906 vn,
362 1853 390 1896 2
421 1867 457 1909 p.
493 1852 618 1895 1277.
657 1852 778 1894 Walz.
821 1852 868 1893 cf.
906 1851 1020 1892 Eust.
1055 1851 1101 1892 11.
1141 1864 1180 1905 p.
1223 1850 1291 1896 92.
1332 1845 1598 1910 Εὐρυβάτην
1640 1878 1697 1886 --

226 1921 278 1968 ὅν
309 1920 356 1968 οἳ
396 1921 587 1973 πλείους
615 1916 882 1979 Εὐρύβατον
925 1918 1167 1982 λέγουσιν.)
1198 1936 1233 1963 v.
1261 1922 1419 1977 Taylor.
1462 1923 1514 1966 ad
1549 1924 1696 1967 Aesch.

225 1994 296 2046 73,
330 1994 397 2038 12.
427 1995 618 2036 Boisson.
644 1993 843 2035 Aristaen.
874 2006 911 2045 p.
943 1990 1043 2036 513.
1071 1992 1249 2034 Lobeck.
1283 1993 1475 2046 Aglaoph.
1497 2007 1534 2047 p.
1572 1993 1695 2036 1306.

223 2061 417 2108 Leutsch.
447 2064 498 2105 ad
529 2063 697 2115 Diogen.
727 2062 792 2112 lv,
837 2061 904 2102 76.

364 2133 526 2175 Putavit
555 2138 686 2173 autem
714 2132 944 2186 Wegnerus
972 2138 1125 2186 partem
1148 2133 1537 2187 Colophoniacorum
1566 2135 1695 2177 fuisse

223 2204 374 2246 librum
413 2203 463 2244 de
497 2202 631 2256 poetis
662 2201 936 2256 Colophoniis.
1006 2202 1161 2244 Eiamsi
1201 2203 1302 2245 haec
1347 2217 1459 2246 mera
1503 2210 1566 2246 est
1596 2217 1695 2247 con-

223 2276 401 2323 iectura,
443 2286 562 2327 quam
593 2284 726 2326 neque
757 2272 933 2325 probare
965 2285 1099 2327 neque
1125 2274 1301 2315 refutare
1325 2274 1439 2324 libet,
1466 2281 1601 2328 aptum
1634 2281 1693 2316 ta-

222 2358 319 2387 men
349 2343 513 2386 videtur
542 2342 621 2385 hoc
651 2342 694 2384 in
726 2342 970 2385 narrationis
1010 2343 1154 2385 ordine
1185 2343 1296 2386 illius
1318 2357 1477 2399 quoque
1507 2344 1600 2387 libri
1634 2345 1692 2386 fa-

223 2427 319 2457 cere
349 2413 609 2456 mentionem.

793 2514 997 2571 eaput
1027 2516 1137 2561 IV.

363 2608 539 2662 Scripsit
578 2612 712 2649 autem
744 2606 949 2649 Nicander
978 2607 1127 2650 librum
1169 2608 1219 2648 de
1247 2609 1380 2662 poetis
1413 2610 1688 2664 Colophoniis,

222 2686 328 2723 teste
360 2678 494 2722 Schol.
526 2678 646 2719 Ther.
679 2678 726 2719 3:
755 2673 833 2718 καὶ
872 2671 1009 2727 αὐτὸς
1047 2671 1085 2719 δ’
1128 2670 1154 2720 ὁ
1182 2673 1441 2737 Νίκανδρος
1467 2677 1691 2738 μέμνηται

222 2749 305 2793 τοῦ
338 2742 718 2807 Ἑρμησιάνακτος
760 2739 823 2797 ὥς
853 2745 1166 2811 πρεσβυτέρου
1199 2742 1247 2791 ἐν
1285 2748 1350 2806 τῷ
1381 2746 1489 2807 περὶ
1518 2750 1606 2804 τῷν
1640 2747 1690 2793 ἐκ

221 2815 508 2874 Κολοφῶνος
537 2815 754 2873 ποιητῷν.

1799 2639 1806 2647 »
1804 2574 1811 2627 Am..
1787 1662 1811 2563 w.JQMQQAEQOEQQQQQ*mm—'‘mlamlaess
1807 1625 1810 1632 <⁴
1798 1601 1811 1607 ι
1806 1577 1811 1582 .
1809 1551 1811 1553 .
