<?xml version="1.0" encoding="UTF-8"?>
<!DOCTYPE html PUBLIC "-//W3C//DTD XHTML 1.0 Transitional//EN"
    "http://www.w3.org/TR/xhtml1/DTD/xhtml1-transitional.dtd">
<html xmlns="http://www.w3.org/1999/xhtml" xml:lang="en" lang="en">
 <head>
  <title>
</title>
<meta http-equiv="Content-Type" content="text/html;charset=utf-8" />
  <meta name='ocr-system' content='tesseract 3.04.00' />
  <meta name='ocr-capabilities' content='ocr_page ocr_carea ocr_par ocr_line ocrx_word'/>
</head>
<body>
  <div class='ocr_page' id='page_1' title='image "4737209_0047.png"; bbox 0 0 1811 3132; ppageno 0'>
   <div class='ocr_carea' id='block_1_1' title="bbox 821 126 876 170">
    <p class='ocr_par' dir='ltr' id='par_1_1' title="bbox 821 126 876 170">
     <span class='ocr_line' id='line_1_1' title="bbox 821 126 876 170; baseline 0.018 -1"><span class='ocrx_word' id='word_1_1' title='bbox 821 126 876 170; x_wconf 88' lang='lat'>35</span> 
     </span>
    </p>
   </div>
   <div class='ocr_carea' id='block_1_2' title="bbox 125 251 1608 2635">
    <p class='ocr_par' dir='ltr' id='par_1_2' title="bbox 126 251 1586 806">
     <span class='ocr_line' id='line_1_2' title="bbox 126 251 1586 304; baseline -0.007 -3"><span class='ocrx_word' id='word_1_2' title='bbox 126 254 367 301; x_wconf 78' lang='lat' dir='ltr'>testimoniis</span> <span class='ocrx_word' id='word_1_3' title='bbox 383 259 550 295; x_wconf 86' lang='lat' dir='ltr'>constat.</span> <span class='ocrx_word' id='word_1_4' title='bbox 584 252 627 294; x_wconf 91' lang='lat' dir='ltr'>ln</span> <span class='ocrx_word' id='word_1_5' title='bbox 643 252 813 304; x_wconf 85' lang='lat' dir='ltr'>singulis</span> <span class='ocrx_word' id='word_1_6' title='bbox 834 257 965 293; x_wconf 87' lang='lat' dir='ltr'>autem</span> <span class='ocrx_word' id='word_1_7' title='bbox 989 252 1120 294; x_wconf 88' lang='lat' dir='ltr'>Ovidii</span> <span class='ocrx_word' id='word_1_8' title='bbox 1138 254 1283 295; x_wconf 82' lang='lat' dir='ltr'>tabulis</span> <span class='ocrx_word' id='word_1_9' title='bbox 1301 251 1491 294; x_wconf 77' lang='lat' dir='ltr'>Nicandri</span> <span class='ocrx_word' id='word_1_10' title='bbox 1514 264 1586 291; x_wconf 85' lang='lat' dir='ltr'>an-</span> 
     </span>
     <span class='ocr_line' id='line_1_3' title="bbox 127 321 1585 384; baseline -0.005 -15"><span class='ocrx_word' id='word_1_11' title='bbox 127 328 288 384; x_wconf 88' lang='lat' dir='ltr'>quirere</span> <span class='ocrx_word' id='word_1_12' title='bbox 310 324 480 378; x_wconf 79' lang='lat' dir='ltr'>vestigia</span> <span class='ocrx_word' id='word_1_13' title='bbox 513 323 796 365; x_wconf 81' lang='lat' dir='ltr'>difficillimum</span> <span class='ocrx_word' id='word_1_14' title='bbox 827 328 925 372; x_wconf 68' lang='lat' dir='ltr'>est,</span> <span class='ocrx_word' id='word_1_15' title='bbox 944 322 1121 376; x_wconf 89' lang='lat' dir='ltr'>primum</span> <span class='ocrx_word' id='word_1_16' title='bbox 1154 323 1247 377; x_wconf 85' lang='lat' dir='ltr'>quia</span> <span class='ocrx_word' id='word_1_17' title='bbox 1281 322 1451 365; x_wconf 89' lang='lat' dir='ltr'>Ovidius</span> <span class='ocrx_word' id='word_1_18' title='bbox 1483 321 1585 363; x_wconf 87' lang='lat' dir='ltr'>alios</span> 
     </span>
     <span class='ocr_line' id='line_1_4' title="bbox 127 392 1586 449; baseline -0.005 -8"><span class='ocrx_word' id='word_1_19' title='bbox 127 398 273 441; x_wconf 89' lang='lat' dir='ltr'>multos</span> <span class='ocrx_word' id='word_1_20' title='bbox 288 400 448 449; x_wconf 88' lang='lat' dir='ltr'>praeter</span> <span class='ocrx_word' id='word_1_21' title='bbox 459 393 708 436; x_wconf 85' lang='lat' dir='ltr'>Nicandrum</span> <span class='ocrx_word' id='word_1_22' title='bbox 725 398 887 434; x_wconf 88' lang='lat' dir='ltr'>secutus</span> <span class='ocrx_word' id='word_1_23' title='bbox 907 398 970 434; x_wconf 90' lang='lat' dir='ltr'>est</span> <span class='ocrx_word' id='word_1_24' title='bbox 984 399 1185 443; x_wconf 83' lang='lat' dir='ltr'>auctores,</span> <span class='ocrx_word' id='word_1_25' title='bbox 1208 393 1355 434; x_wconf 86' lang='lat' dir='ltr'>deinde</span> <span class='ocrx_word' id='word_1_26' title='bbox 1373 392 1468 447; x_wconf 89' lang='lat' dir='ltr'>quia</span> <span class='ocrx_word' id='word_1_27' title='bbox 1488 405 1586 433; x_wconf 90' lang='lat' dir='ltr'>con-</span> 
     </span>
     <span class='ocr_line' id='line_1_5' title="bbox 128 463 1586 518; baseline -0.003 -9"><span class='ocrx_word' id='word_1_28' title='bbox 128 467 263 510; x_wconf 90' lang='lat' dir='ltr'>silium</span> <span class='ocrx_word' id='word_1_29' title='bbox 282 465 404 506; x_wconf 86' lang='lat' dir='ltr'>totius</span> <span class='ocrx_word' id='word_1_30' title='bbox 428 464 563 518; x_wconf 87' lang='lat' dir='ltr'>operis</span> <span class='ocrx_word' id='word_1_31' title='bbox 584 464 663 505; x_wconf 92' lang='lat' dir='ltr'>huc</span> <span class='ocrx_word' id='word_1_32' title='bbox 683 463 874 517; x_wconf 86' lang='lat' dir='ltr'>perduxit</span> <span class='ocrx_word' id='word_1_33' title='bbox 892 469 934 505; x_wconf 90' lang='lat' dir='ltr'>ut</span> <span class='ocrx_word' id='word_1_34' title='bbox 953 464 1075 506; x_wconf 88' lang='lat' dir='ltr'>multa</span> <span class='ocrx_word' id='word_1_35' title='bbox 1099 464 1294 506; x_wconf 88' lang='lat' dir='ltr'>novandis</span> <span class='ocrx_word' id='word_1_36' title='bbox 1311 470 1351 507; x_wconf 88' lang='lat' dir='ltr'>et</span> <span class='ocrx_word' id='word_1_37' title='bbox 1369 465 1586 506; x_wconf 78' lang='lat' dir='ltr'>immutan-</span> 
     </span>
     <span class='ocr_line' id='line_1_6' title="bbox 128 536 1584 590; baseline -0.003 -11"><span class='ocrx_word' id='word_1_38' title='bbox 128 539 188 579; x_wconf 91' lang='lat' dir='ltr'>dis</span> <span class='ocrx_word' id='word_1_39' title='bbox 215 537 360 577; x_wconf 79' lang='lat' dir='ltr'>fabulis</span> <span class='ocrx_word' id='word_1_40' title='bbox 387 537 465 578; x_wconf 87' lang='lat' dir='ltr'>sibi</span> <span class='ocrx_word' id='word_1_41' title='bbox 485 536 730 588; x_wconf 81' lang='lat' dir='ltr'><strong>indulgeret,</strong></span> <span class='ocrx_word' id='word_1_42' title='bbox 753 548 884 589; x_wconf 91' lang='lat' dir='ltr'>neque</span> <span class='ocrx_word' id='word_1_43' title='bbox 905 536 982 576; x_wconf 89' lang='lat' dir='ltr'>iam</span> <span class='ocrx_word' id='word_1_44' title='bbox 1003 548 1076 589; x_wconf 92' lang='lat' dir='ltr'>pro</span> <span class='ocrx_word' id='word_1_45' title='bbox 1096 543 1206 578; x_wconf 89' lang='lat' dir='ltr'>certo</span> <span class='ocrx_word' id='word_1_46' title='bbox 1228 537 1417 578; x_wconf 84' lang='lat' dir='ltr'>contendi</span> <span class='ocrx_word' id='word_1_47' title='bbox 1436 541 1584 590; x_wconf 86' lang='lat' dir='ltr'>potest,</span> 
     </span>
     <span class='ocr_line' id='line_1_7' title="bbox 129 606 1585 663; baseline -0.001 -14"><span class='ocrx_word' id='word_1_48' title='bbox 129 609 223 663; x_wconf 88' lang='lat' dir='ltr'>quid</span> <span class='ocrx_word' id='word_1_49' title='bbox 244 608 284 648; x_wconf 91' lang='lat' dir='ltr'>in</span> <span class='ocrx_word' id='word_1_50' title='bbox 304 607 477 660; x_wconf 88' lang='lat' dir='ltr'>singulis</span> <span class='ocrx_word' id='word_1_51' title='bbox 495 607 746 656; x_wconf 85' lang='lat' dir='ltr'>Ovidiauum,</span> <span class='ocrx_word' id='word_1_52' title='bbox 776 607 870 662; x_wconf 87' lang='lat' dir='ltr'>quid</span> <span class='ocrx_word' id='word_1_53' title='bbox 891 606 1064 649; x_wconf 89' lang='lat' dir='ltr'>alienum</span> <span class='ocrx_word' id='word_1_54' title='bbox 1084 608 1149 650; x_wconf 86' lang='lat' dir='ltr'>sit.</span> <span class='ocrx_word' id='word_1_55' title='bbox 1211 609 1431 663; x_wconf 90' lang='lat' dir='ltr'>lIocigitur</span> <span class='ocrx_word' id='word_1_56' title='bbox 1461 620 1585 649; x_wconf 90' lang='lat' dir='ltr'>unum</span> 
     </span>
     <span class='ocr_line' id='line_1_8' title="bbox 131 679 1584 733; baseline -0.001 -13"><span class='ocrx_word' id='word_1_57' title='bbox 131 682 329 721; x_wconf 79' lang='lat' dir='ltr'>affirmare</span> <span class='ocrx_word' id='word_1_58' title='bbox 347 679 455 728; x_wconf 88' lang='lat' dir='ltr'>licet,</span> <span class='ocrx_word' id='word_1_59' title='bbox 478 679 667 720; x_wconf 81' lang='lat' dir='ltr'>Nicandri</span> <span class='ocrx_word' id='word_1_60' title='bbox 687 679 813 720; x_wconf 90' lang='lat' dir='ltr'>libros</span> <span class='ocrx_word' id='word_1_61' title='bbox 834 679 1021 720; x_wconf 88' lang='lat' dir='ltr'>Ovidium</span> <span class='ocrx_word' id='word_1_62' title='bbox 1038 679 1255 733; x_wconf 87' lang='lat' dir='ltr'>diligenter</span> <span class='ocrx_word' id='word_1_63' title='bbox 1268 681 1485 730; x_wconf 87' lang='lat' dir='ltr'>lectitasse,</span> <span class='ocrx_word' id='word_1_64' title='bbox 1504 692 1584 720; x_wconf 91' lang='lat' dir='ltr'>non</span> 
     </span>
     <span class='ocr_line' id='line_1_9' title="bbox 133 750 1447 806; baseline 0.002 -15"><span class='ocrx_word' id='word_1_65' title='bbox 133 757 175 791; x_wconf 91' lang='lat' dir='ltr'>ut</span> <span class='ocrx_word' id='word_1_66' title='bbox 205 750 443 799; x_wconf 79' lang='lat' dir='ltr'>imitaretur,</span> <span class='ocrx_word' id='word_1_67' title='bbox 477 750 550 790; x_wconf 87' lang='lat' dir='ltr'>sed</span> <span class='ocrx_word' id='word_1_68' title='bbox 584 755 626 790; x_wconf 90' lang='lat' dir='ltr'>ut</span> <span class='ocrx_word' id='word_1_69' title='bbox 657 750 806 802; x_wconf 89' lang='lat' dir='ltr'>optima</span> <span class='ocrx_word' id='word_1_70' title='bbox 839 763 1021 804; x_wconf 88' lang='lat' dir='ltr'>quaeque</span> <span class='ocrx_word' id='word_1_71' title='bbox 1052 751 1148 793; x_wconf 90' lang='lat' dir='ltr'>inde</span> <span class='ocrx_word' id='word_1_72' title='bbox 1177 753 1447 806; x_wconf 78' lang='lat' dir='ltr'><strong>depromeret.</strong></span> 
     </span>
    </p>

    <p class='ocr_par' dir='ltr' id='par_1_3' title="bbox 125 819 1608 2635">
     <span class='ocr_line' id='line_1_10' title="bbox 266 819 1585 870; baseline 0.006 -11"><span class='ocrx_word' id='word_1_73' title='bbox 266 820 404 860; x_wconf 79' lang='lat' dir='ltr'><strong>Restat</strong></span> <span class='ocrx_word' id='word_1_74' title='bbox 444 826 486 859; x_wconf 90' lang='lat' dir='ltr'>ut</span> <span class='ocrx_word' id='word_1_75' title='bbox 524 820 574 859; x_wconf 90' lang='lat' dir='ltr'>de</span> <span class='ocrx_word' id='word_1_76' title='bbox 608 819 695 870; x_wconf 88' lang='lat' dir='ltr'>ipso</span> <span class='ocrx_word' id='word_1_77' title='bbox 728 820 927 859; x_wconf 82' lang='lat' dir='ltr'>Antonino</span> <span class='ocrx_word' id='word_1_78' title='bbox 967 821 1178 869; x_wconf 79' lang='lat' dir='ltr'>Liberale,</span> <span class='ocrx_word' id='word_1_79' title='bbox 1224 824 1329 863; x_wconf 87' lang='lat' dir='ltr'>unde</span> <span class='ocrx_word' id='word_1_80' title='bbox 1361 825 1585 867; x_wconf 89' lang='lat' dir='ltr'>lIetcroeu-</span> 
     </span>
     <span class='ocr_line' id='line_1_11' title="bbox 127 890 1586 945; baseline 0.004 -14"><span class='ocrx_word' id='word_1_81' title='bbox 127 903 274 931; x_wconf 88' lang='lat' dir='ltr'>menon</span> <span class='ocrx_word' id='word_1_82' title='bbox 317 891 539 943; x_wconf 78' lang='lat' dir='ltr'>fragmenta</span> <span class='ocrx_word' id='word_1_83' title='bbox 588 890 671 930; x_wconf 86' lang='lat' dir='ltr'>sere</span> <span class='ocrx_word' id='word_1_84' title='bbox 721 890 854 930; x_wconf 89' lang='lat' dir='ltr'>omnia</span> <span class='ocrx_word' id='word_1_85' title='bbox 894 891 1092 944; x_wconf 88' lang='lat' dir='ltr'>pendent,</span> <span class='ocrx_word' id='word_1_86' title='bbox 1146 905 1271 945; x_wconf 86' lang='lat' dir='ltr'>pauca</span> <span class='ocrx_word' id='word_1_87' title='bbox 1312 895 1494 936; x_wconf 73' lang='lat' dir='ltr'>addan1.·</span> <span class='ocrx_word' id='word_1_88' title='bbox 1540 897 1586 939; x_wconf 89' lang='lat' dir='ltr'>lu</span> 
     </span>
     <span class='ocr_line' id='line_1_12' title="bbox 127 960 1587 1008; baseline 0.005 -7"><span class='ocrx_word' id='word_1_89' title='bbox 127 960 361 1001; x_wconf 80' lang='lat' dir='ltr'>enarrandis</span> <span class='ocrx_word' id='word_1_90' title='bbox 390 960 533 1000; x_wconf 81' lang='lat' dir='ltr'>fabulis</span> <span class='ocrx_word' id='word_1_91' title='bbox 556 973 648 1000; x_wconf 88' lang='lat' dir='ltr'>eum</span> <span class='ocrx_word' id='word_1_92' title='bbox 677 960 730 1000; x_wconf 88' lang='lat' dir='ltr'>ita</span> <span class='ocrx_word' id='word_1_93' title='bbox 760 967 960 1001; x_wconf 89' lang='lat' dir='ltr'>versatum</span> <span class='ocrx_word' id='word_1_94' title='bbox 991 974 1083 1002; x_wconf 90' lang='lat' dir='ltr'>esse</span> <span class='ocrx_word' id='word_1_95' title='bbox 1104 968 1147 1002; x_wconf 85' lang='lat' dir='ltr'>ut</span> <span class='ocrx_word' id='word_1_96' title='bbox 1178 970 1305 1004; x_wconf 88' lang='lat' dir='ltr'>metro</span> <span class='ocrx_word' id='word_1_97' title='bbox 1336 970 1490 1006; x_wconf 89' lang='lat' dir='ltr'>tantum</span> <span class='ocrx_word' id='word_1_98' title='bbox 1518 981 1587 1008; x_wconf 94' lang='lat' dir='ltr'>so-</span> 
     </span>
     <span class='ocr_line' id='line_1_13' title="bbox 126 1031 1587 1089; baseline 0.005 -17"><span class='ocrx_word' id='word_1_99' title='bbox 126 1031 209 1074; x_wconf 89' lang='lat' dir='ltr'>luto</span> <span class='ocrx_word' id='word_1_100' title='bbox 252 1036 391 1086; x_wconf 88' lang='lat' dir='ltr'>poetae</span> <span class='ocrx_word' id='word_1_101' title='bbox 430 1031 705 1073; x_wconf 89' lang='lat' dir='ltr'>auctoritatem</span> <span class='ocrx_word' id='word_1_102' title='bbox 745 1032 924 1085; x_wconf 87' lang='lat' dir='ltr'>apprime</span> <span class='ocrx_word' id='word_1_103' title='bbox 963 1039 1214 1087; x_wconf 87' lang='lat' dir='ltr'>sequeretur,</span> <span class='ocrx_word' id='word_1_104' title='bbox 1252 1035 1381 1089; x_wconf 88' lang='lat' dir='ltr'>ipsius</span> <span class='ocrx_word' id='word_1_105' title='bbox 1414 1037 1587 1079; x_wconf 85' lang='lat' dir='ltr'>elocutio</span> 
     </span>
     <span class='ocr_line' id='line_1_14' title="bbox 128 1103 1590 1157; baseline 0.003 -13"><span class='ocrx_word' id='word_1_106' title='bbox 128 1110 264 1156; x_wconf 85' lang='lat' dir='ltr'>aperte</span> <span class='ocrx_word' id='word_1_107' title='bbox 298 1103 445 1156; x_wconf 85' lang='lat' dir='ltr'>prodit,</span> <span class='ocrx_word' id='word_1_108' title='bbox 480 1117 581 1157; x_wconf 90' lang='lat' dir='ltr'>quae</span> <span class='ocrx_word' id='word_1_109' title='bbox 613 1104 655 1143; x_wconf 90' lang='lat' dir='ltr'>in</span> <span class='ocrx_word' id='word_1_110' title='bbox 687 1104 858 1156; x_wconf 85' lang='lat' dir='ltr'>singulis</span> <span class='ocrx_word' id='word_1_111' title='bbox 900 1104 1036 1145; x_wconf 82' lang='lat' dir='ltr'>verbis</span> <span class='ocrx_word' id='word_1_112' title='bbox 1081 1111 1253 1145; x_wconf 91' lang='lat' dir='ltr'>metrum</span> <span class='ocrx_word' id='word_1_113' title='bbox 1295 1106 1505 1148; x_wconf 86' lang='lat' dir='ltr'>heroicum</span> <span class='ocrx_word' id='word_1_114' title='bbox 1551 1115 1590 1149; x_wconf 85' lang='lat' dir='ltr'>et</span> 
     </span>
     <span class='ocr_line' id='line_1_15' title="bbox 126 1173 1589 1227; baseline 0.003 -13"><span class='ocrx_word' id='word_1_115' title='bbox 126 1174 306 1227; x_wconf 88' lang='lat' dir='ltr'>poeticas</span> <span class='ocrx_word' id='word_1_116' title='bbox 341 1174 503 1213; x_wconf 85' lang='lat' dir='ltr'>dicendi</span> <span class='ocrx_word' id='word_1_117' title='bbox 538 1173 714 1213; x_wconf 88' lang='lat' dir='ltr'>rationes</span> <span class='ocrx_word' id='word_1_118' title='bbox 744 1187 865 1226; x_wconf 91' lang='lat' dir='ltr'>saepe</span> <span class='ocrx_word' id='word_1_119' title='bbox 895 1174 1070 1227; x_wconf 87' lang='lat' dir='ltr'>reliquit.</span> <span class='ocrx_word' id='word_1_120' title='bbox 1136 1177 1234 1215; x_wconf 87' lang='lat' dir='ltr'>Cum</span> <span class='ocrx_word' id='word_1_121' title='bbox 1265 1189 1360 1216; x_wconf 90' lang='lat' dir='ltr'>vero</span> <span class='ocrx_word' id='word_1_122' title='bbox 1394 1177 1494 1218; x_wconf 80' lang='lat' dir='ltr'>(lues</span> <span class='ocrx_word' id='word_1_123' title='bbox 1522 1186 1589 1219; x_wconf 90' lang='lat' dir='ltr'>aut</span> 
     </span>
     <span class='ocr_line' id='line_1_16' title="bbox 125 1244 1592 1298; baseline 0.003 -15"><span class='ocrx_word' id='word_1_124' title='bbox 125 1245 262 1297; x_wconf 88' lang='lat' dir='ltr'>plures</span> <span class='ocrx_word' id='word_1_125' title='bbox 291 1244 565 1284; x_wconf 76' lang='lat' dir='ltr'>narrationum</span> <span class='ocrx_word' id='word_1_126' title='bbox 597 1249 782 1284; x_wconf 85' lang='lat' dir='ltr'>auctores</span> <span class='ocrx_word' id='word_1_127' title='bbox 814 1244 908 1292; x_wconf 85' lang='lat' dir='ltr'>edit,</span> <span class='ocrx_word' id='word_1_128' title='bbox 958 1256 1037 1284; x_wconf 89' lang='lat' dir='ltr'>non</span> <span class='ocrx_word' id='word_1_129' title='bbox 1073 1258 1117 1284; x_wconf 91' lang='lat' dir='ltr'>ea</span> <span class='ocrx_word' id='word_1_130' title='bbox 1151 1245 1357 1296; x_wconf 78' lang='lat' dir='ltr'>diligentia</span> <span class='ocrx_word' id='word_1_131' title='bbox 1388 1248 1592 1298; x_wconf 83' lang='lat' dir='ltr'>processit</span> 
     </span>
     <span class='ocr_line' id='line_1_17' title="bbox 129 1314 1608 1370; baseline 0.001 -13"><span class='ocrx_word' id='word_1_132' title='bbox 129 1331 205 1370; x_wconf 91' lang='lat' dir='ltr'>qua</span> <span class='ocrx_word' id='word_1_133' title='bbox 236 1315 488 1366; x_wconf 85' lang='lat' dir='ltr'>Parthenius,</span> <span class='ocrx_word' id='word_1_134' title='bbox 523 1320 563 1355; x_wconf 93' lang='lat' dir='ltr'>ut</span> <span class='ocrx_word' id='word_1_135' title='bbox 595 1315 692 1368; x_wconf 89' lang='lat' dir='ltr'>quid</span> <span class='ocrx_word' id='word_1_136' title='bbox 726 1327 938 1355; x_wconf 86' lang='lat' dir='ltr'>commune</span> <span class='ocrx_word' id='word_1_137' title='bbox 972 1314 1117 1367; x_wconf 86' lang='lat' dir='ltr'>quidve</span> <span class='ocrx_word' id='word_1_138' title='bbox 1145 1315 1350 1355; x_wconf 85' lang='lat' dir='ltr'>diversum</span> <span class='ocrx_word' id='word_1_139' title='bbox 1382 1317 1608 1358; x_wconf 84' lang='lat' dir='ltr'>traderent·</span> 
     </span>
     <span class='ocr_line' id='line_1_18' title="bbox 129 1384 1589 1439; baseline 0 -11"><span class='ocrx_word' id='word_1_140' title='bbox 129 1392 312 1428; x_wconf 83' lang='lat' dir='ltr'>auctores</span> <span class='ocrx_word' id='word_1_141' title='bbox 345 1386 484 1426; x_wconf 85' lang='lat' dir='ltr'>sedulo</span> <span class='ocrx_word' id='word_1_142' title='bbox 516 1391 738 1434; x_wconf 88' lang='lat' dir='ltr'>annotaret,</span> <span class='ocrx_word' id='word_1_143' title='bbox 767 1397 841 1425; x_wconf 88' lang='lat' dir='ltr'>nec</span> <span class='ocrx_word' id='word_1_144' title='bbox 868 1384 986 1425; x_wconf 82' lang='lat' dir='ltr'>facile</span> <span class='ocrx_word' id='word_1_145' title='bbox 1020 1385 1170 1426; x_wconf 84' lang='lat' dir='ltr'>dixeris</span> <span class='ocrx_word' id='word_1_146' title='bbox 1201 1399 1319 1439; x_wconf 88' lang='lat' dir='ltr'>quem</span> <span class='ocrx_word' id='word_1_147' title='bbox 1351 1399 1447 1439; x_wconf 89' lang='lat' dir='ltr'>prae</span> <span class='ocrx_word' id='word_1_148' title='bbox 1479 1395 1589 1429; x_wconf 90' lang='lat' dir='ltr'>cete-</span> 
     </span>
     <span class='ocr_line' id='line_1_19' title="bbox 129 1455 1589 1500; baseline 0.001 -2"><span class='ocrx_word' id='word_1_149' title='bbox 129 1459 187 1498; x_wconf 87' lang='lat' dir='ltr'>ris</span> <span class='ocrx_word' id='word_1_150' title='bbox 223 1458 371 1497; x_wconf 88' lang='lat' dir='ltr'>sontem</span> <span class='ocrx_word' id='word_1_151' title='bbox 414 1462 577 1497; x_wconf 87' lang='lat' dir='ltr'>secutus</span> <span class='ocrx_word' id='word_1_152' title='bbox 615 1456 679 1496; x_wconf 83' lang='lat' dir='ltr'>sit.</span> <span class='ocrx_word' id='word_1_153' title='bbox 744 1455 825 1496; x_wconf 91' lang='lat' dir='ltr'>Una</span> <span class='ocrx_word' id='word_1_154' title='bbox 866 1460 999 1495; x_wconf 87' lang='lat' dir='ltr'>tamen</span> <span class='ocrx_word' id='word_1_155' title='bbox 1033 1455 1120 1496; x_wconf 89' lang='lat' dir='ltr'>eius</span> <span class='ocrx_word' id='word_1_156' title='bbox 1153 1456 1329 1497; x_wconf 88' lang='lat' dir='ltr'>narratio</span> <span class='ocrx_word' id='word_1_157' title='bbox 1361 1457 1484 1498; x_wconf 82' lang='lat' dir='ltr'>XXlll</span> <span class='ocrx_word' id='word_1_158' title='bbox 1514 1459 1589 1500; x_wconf 86' lang='lat' dir='ltr'>ali-</span> 
     </span>
     <span class='ocr_line' id='line_1_20' title="bbox 131 1526 1590 1582; baseline 0 -14"><span class='ocrx_word' id='word_1_159' title='bbox 131 1542 248 1582; x_wconf 82' lang='lat' dir='ltr'>quam</span> <span class='ocrx_word' id='word_1_160' title='bbox 282 1528 351 1568; x_wconf 90' lang='lat' dir='ltr'>toti</span> <span class='ocrx_word' id='word_1_161' title='bbox 382 1527 606 1581; x_wconf 87' lang='lat' dir='ltr'>quaestioni</span> <span class='ocrx_word' id='word_1_162' title='bbox 637 1527 766 1566; x_wconf 87' lang='lat' dir='ltr'>lucem</span> <span class='ocrx_word' id='word_1_163' title='bbox 793 1526 1012 1566; x_wconf 87' lang='lat' dir='ltr'>accendere</span> <span class='ocrx_word' id='word_1_164' title='bbox 1042 1526 1212 1566; x_wconf 84' lang='lat' dir='ltr'>videtur.</span> <span class='ocrx_word' id='word_1_165' title='bbox 1275 1527 1372 1567; x_wconf 89' lang='lat' dir='ltr'>Nam</span> <span class='ocrx_word' id='word_1_166' title='bbox 1404 1528 1445 1567; x_wconf 91' lang='lat' dir='ltr'>in</span> <span class='ocrx_word' id='word_1_167' title='bbox 1472 1541 1590 1580; x_wconf 89' lang='lat' dir='ltr'>prae-</span> 
     </span>
     <span class='ocr_line' id='line_1_21' title="bbox 132 1596 1590 1653; baseline -0.002 -12"><span class='ocrx_word' id='word_1_168' title='bbox 132 1600 354 1653; x_wconf 76' lang='lat' dir='ltr'>scriptione</span> <span class='ocrx_word' id='word_1_169' title='bbox 386 1598 528 1651; x_wconf 88' lang='lat' dir='ltr'>capitis</span> <span class='ocrx_word' id='word_1_170' title='bbox 556 1611 637 1638; x_wconf 92' lang='lat' dir='ltr'>non</span> <span class='ocrx_word' id='word_1_171' title='bbox 669 1610 717 1637; x_wconf 89' lang='lat' dir='ltr'>ex</span> <span class='ocrx_word' id='word_1_172' title='bbox 749 1609 828 1636; x_wconf 93' lang='lat' dir='ltr'>uno</span> <span class='ocrx_word' id='word_1_173' title='bbox 860 1596 1074 1644; x_wconf 81' lang='lat' dir='ltr'>Nicandro,</span> <span class='ocrx_word' id='word_1_174' title='bbox 1106 1596 1176 1636; x_wconf 87' lang='lat' dir='ltr'>sed</span> <span class='ocrx_word' id='word_1_175' title='bbox 1209 1610 1255 1636; x_wconf 83' lang='lat' dir='ltr'>ex</span> <span class='ocrx_word' id='word_1_176' title='bbox 1288 1597 1455 1637; x_wconf 86' lang='lat' dir='ltr'>Hesiodi</span> <span class='ocrx_word' id='word_1_177' title='bbox 1489 1612 1590 1651; x_wconf 89' lang='lat' dir='ltr'>que-</span> 
     </span>
     <span class='ocr_line' id='line_1_22' title="bbox 132 1666 1590 1725; baseline -0.002 -14"><span class='ocrx_word' id='word_1_178' title='bbox 132 1685 209 1725; x_wconf 86' lang='lat' dir='ltr'>que</span> <span class='ocrx_word' id='word_1_179' title='bbox 239 1670 394 1722; x_wconf 83' lang='lat' dir='ltr'>Magnis</span> <span class='ocrx_word' id='word_1_180' title='bbox 429 1668 573 1716; x_wconf 88' lang='lat' dir='ltr'>Eoeis,</span> <span class='ocrx_word' id='word_1_181' title='bbox 616 1666 872 1719; x_wconf 72' lang='lat' dir='ltr'>Didymai-chi</span> <span class='ocrx_word' id='word_1_182' title='bbox 905 1667 1286 1719; x_wconf 86' lang='lat' dir='ltr'>metamorphosium</span> <span class='ocrx_word' id='word_1_183' title='bbox 1320 1667 1346 1706; x_wconf 91' lang='lat' dir='ltr'>l.</span> <span class='ocrx_word' id='word_1_184' title='bbox 1376 1666 1446 1716; x_wconf 91' lang='lat'>111,</span> <span class='ocrx_word' id='word_1_185' title='bbox 1475 1668 1590 1708; x_wconf 88' lang='lat' dir='ltr'>Anti-</span> 
     </span>
     <span class='ocr_line' id='line_1_23' title="bbox 130 1732 1591 1791; baseline -0.001 -13"><span class='ocrx_word' id='word_1_186' title='bbox 130 1739 221 1791; x_wconf 87' lang='lat' dir='ltr'>goni</span> <span class='ocrx_word' id='word_1_187' title='bbox 256 1732 518 1787; x_wconf 73' lang='grc' dir='ltr'><em>ἀλλοιώσεσι,</em></span> <span class='ocrx_word' id='word_1_188' title='bbox 552 1734 754 1788; x_wconf 86' lang='lat' dir='ltr'>Apollonii</span> <span class='ocrx_word' id='word_1_189' title='bbox 787 1734 1085 1787; x_wconf 78' lang='lat' dir='ltr'>epigrammatis</span> <span class='ocrx_word' id='word_1_190' title='bbox 1119 1748 1139 1774; x_wconf 90' lang='lat' dir='ltr'>e</span> <span class='ocrx_word' id='word_1_191' title='bbox 1169 1734 1301 1787; x_wconf 89' lang='lat' dir='ltr'>primo</span> <span class='ocrx_word' id='word_1_192' title='bbox 1333 1734 1439 1775; x_wconf 81' lang='lat' dir='ltr'>libro</span> <span class='ocrx_word' id='word_1_193' title='bbox 1470 1736 1591 1776; x_wconf 89' lang='lat' dir='ltr'>Pam-</span> 
     </span>
     <span class='ocr_line' id='line_1_24' title="bbox 132 1805 1591 1862; baseline -0.001 -14"><span class='ocrx_word' id='word_1_194' title='bbox 132 1809 232 1862; x_wconf 84' lang='lat' dir='ltr'>phili</span> <span class='ocrx_word' id='word_1_195' title='bbox 265 1808 425 1861; x_wconf 90' lang='lat' dir='ltr'>petitis,</span> <span class='ocrx_word' id='word_1_196' title='bbox 467 1806 638 1846; x_wconf 83' lang='lat' dir='ltr'>labulam</span> <span class='ocrx_word' id='word_1_197' title='bbox 678 1806 726 1845; x_wconf 86' lang='lat' dir='ltr'>de</span> <span class='ocrx_word' id='word_1_198' title='bbox 753 1806 865 1846; x_wconf 90' lang='lat' dir='ltr'>Batto</span> <span class='ocrx_word' id='word_1_199' title='bbox 894 1818 983 1845; x_wconf 83' lang='lat' dir='ltr'>sese</span> <span class='ocrx_word' id='word_1_200' title='bbox 1014 1805 1199 1845; x_wconf 83' lang='lat' dir='ltr'>hausisse</span> <span class='ocrx_word' id='word_1_201' title='bbox 1233 1805 1393 1846; x_wconf 83' lang='lat' dir='ltr'>fatetur.</span> <span class='ocrx_word' id='word_1_202' title='bbox 1454 1806 1591 1859; x_wconf 89' lang='lat' dir='ltr'>Ipsum</span> 
     </span>
     <span class='ocr_line' id='line_1_25' title="bbox 132 1875 1590 1929; baseline -0.001 -10"><span class='ocrx_word' id='word_1_203' title='bbox 132 1893 227 1921; x_wconf 86' lang='lat' dir='ltr'>vero</span> <span class='ocrx_word' id='word_1_204' title='bbox 259 1878 504 1918; x_wconf 82' lang='lat' dir='ltr'>Antoninum</span> <span class='ocrx_word' id='word_1_205' title='bbox 536 1876 753 1917; x_wconf 85' lang='lat' dir='ltr'>Hesiodum</span> <span class='ocrx_word' id='word_1_206' title='bbox 795 1876 1057 1929; x_wconf 90' lang='lat' dir='ltr'>reliquosque</span> <span class='ocrx_word' id='word_1_207' title='bbox 1097 1875 1221 1915; x_wconf 85' lang='lat' dir='ltr'>libros</span> <span class='ocrx_word' id='word_1_208' title='bbox 1254 1875 1395 1916; x_wconf 86' lang='lat' dir='ltr'>citatos</span> <span class='ocrx_word' id='word_1_209' title='bbox 1427 1877 1590 1929; x_wconf 80' lang='lat' dir='ltr'>legisse,</span> 
     </span>
     <span class='ocr_line' id='line_1_26' title="bbox 133 1945 1591 2001; baseline -0.002 -11"><span class='ocrx_word' id='word_1_210' title='bbox 133 1951 166 1991; x_wconf 87' lang='lat' dir='ltr'>si</span> <span class='ocrx_word' id='word_1_211' title='bbox 201 1947 395 2001; x_wconf 78' lang='lat' dir='ltr'>Pamphili</span> <span class='ocrx_word' id='word_1_212' title='bbox 430 1959 574 1986; x_wconf 88' lang='lat' dir='ltr'>nomen</span> <span class='ocrx_word' id='word_1_213' title='bbox 616 1946 663 1985; x_wconf 91' lang='lat' dir='ltr'>ad</span> <span class='ocrx_word' id='word_1_214' title='bbox 699 1959 820 1986; x_wconf 83' lang='lat' dir='ltr'>numu</span> <span class='ocrx_word' id='word_1_215' title='bbox 852 1945 1054 1997; x_wconf 87' lang='lat' dir='ltr'>pertinere</span> <span class='ocrx_word' id='word_1_216' title='bbox 1085 1946 1342 1997; x_wconf 77' lang='lat' dir='ltr'>Apollonium</span> <span class='ocrx_word' id='word_1_217' title='bbox 1375 1948 1591 1996; x_wconf 84' lang='lat' dir='ltr'>credimus,</span> 
     </span>
     <span class='ocr_line' id='line_1_27' title="bbox 133 2016 1593 2070; baseline -0.001 -10"><span class='ocrx_word' id='word_1_218' title='bbox 133 2021 196 2060; x_wconf 86' lang='lat' dir='ltr'>vix</span> <span class='ocrx_word' id='word_1_219' title='bbox 227 2023 436 2070; x_wconf 85' lang='lat' dir='ltr'>exspectes</span> <span class='ocrx_word' id='word_1_220' title='bbox 469 2017 516 2056; x_wconf 85' lang='lat' dir='ltr'>ab</span> <span class='ocrx_word' id='word_1_221' title='bbox 558 2016 719 2056; x_wconf 85' lang='lat' dir='ltr'>homine</span> <span class='ocrx_word' id='word_1_222' title='bbox 763 2016 1006 2068; x_wconf 85' lang='lat' dir='ltr'>sophisticae</span> <span class='ocrx_word' id='word_1_223' title='bbox 1039 2022 1134 2068; x_wconf 89' lang='lat' dir='ltr'>puto</span> <span class='ocrx_word' id='word_1_224' title='bbox 1166 2017 1320 2066; x_wconf 84' lang='lat' dir='ltr'>aetatis,</span> <span class='ocrx_word' id='word_1_225' title='bbox 1353 2019 1593 2070; x_wconf 87' lang='lat' dir='ltr'>praesertim</span> 
     </span>
     <span class='ocr_line' id='line_1_28' title="bbox 135 2086 1593 2141; baseline -0.001 -9"><span class='ocrx_word' id='word_1_226' title='bbox 135 2103 224 2132; x_wconf 86' lang='lat' dir='ltr'>eum</span> <span class='ocrx_word' id='word_1_227' title='bbox 259 2094 336 2130; x_wconf 91' lang='lat' dir='ltr'>tota</span> <span class='ocrx_word' id='word_1_228' title='bbox 367 2088 540 2128; x_wconf 87' lang='lat' dir='ltr'>narratio</span> <span class='ocrx_word' id='word_1_229' title='bbox 573 2088 717 2128; x_wconf 89' lang='lat' dir='ltr'>eodem</span> <span class='ocrx_word' id='word_1_230' title='bbox 745 2093 783 2128; x_wconf 92' lang='lat' dir='ltr'>et</span> <span class='ocrx_word' id='word_1_231' title='bbox 805 2086 1004 2141; x_wconf 80' lang='lat' dir='ltr'>aequabili</span> <span class='ocrx_word' id='word_1_232' title='bbox 1036 2092 1177 2128; x_wconf 90' lang='lat' dir='ltr'>tenore</span> <span class='ocrx_word' id='word_1_233' title='bbox 1211 2088 1414 2140; x_wconf 89' lang='lat' dir='ltr'>procedat.</span> <span class='ocrx_word' id='word_1_234' title='bbox 1475 2089 1593 2130; x_wconf 83' lang='lat' dir='ltr'>Pam-</span> 
     </span>
     <span class='ocr_line' id='line_1_29' title="bbox 135 2158 1592 2213; baseline -0.001 -12"><span class='ocrx_word' id='word_1_235' title='bbox 135 2161 268 2213; x_wconf 90' lang='lat' dir='ltr'>philus</span> <span class='ocrx_word' id='word_1_236' title='bbox 301 2165 433 2199; x_wconf 78' lang='lat' dir='ltr'>auteui</span> <span class='ocrx_word' id='word_1_237' title='bbox 456 2159 532 2199; x_wconf 83' lang='lat' dir='ltr'>iste</span> <span class='ocrx_word' id='word_1_238' title='bbox 566 2158 640 2198; x_wconf 84' lang='lat' dir='ltr'>suit</span> <span class='ocrx_word' id='word_1_239' title='bbox 659 2159 953 2198; x_wconf 85' lang='lat' dir='ltr'>Alexandrinus</span> <span class='ocrx_word' id='word_1_240' title='bbox 976 2159 1274 2211; x_wconf 88' lang='lat' dir='ltr'>granunaticus‚</span> <span class='ocrx_word' id='word_1_241' title='bbox 1296 2160 1592 2207; x_wconf 83' lang='lat' dir='ltr'>Aristareheus‚</span> 
     </span>
     <span class='ocr_line' id='line_1_30' title="bbox 134 2226 1594 2282; baseline 0 -12"><span class='ocrx_word' id='word_1_242' title='bbox 134 2230 182 2270; x_wconf 76' lang='lat' dir='ltr'>al)</span> <span class='ocrx_word' id='word_1_243' title='bbox 212 2229 412 2269; x_wconf 85' lang='lat' dir='ltr'>Athenaeo</span> <span class='ocrx_word' id='word_1_244' title='bbox 445 2226 684 2280; x_wconf 85' lang='lat' dir='ltr'>saepissime</span> <span class='ocrx_word' id='word_1_245' title='bbox 717 2227 936 2277; x_wconf 84' lang='lat' dir='ltr'>adhibitus,</span> <span class='ocrx_word' id='word_1_246' title='bbox 971 2241 1087 2282; x_wconf 89' lang='lat' dir='ltr'>quem</span> <span class='ocrx_word' id='word_1_247' title='bbox 1111 2228 1303 2269; x_wconf 87' lang='lat' dir='ltr'>Nicandri</span> <span class='ocrx_word' id='word_1_248' title='bbox 1335 2229 1461 2270; x_wconf 83' lang='lat' dir='ltr'>libros</span> <span class='ocrx_word' id='word_1_249' title='bbox 1484 2243 1594 2271; x_wconf 89' lang='lat' dir='ltr'>com-</span> 
     </span>
     <span class='ocr_line' id='line_1_31' title="bbox 136 2298 1594 2346; baseline -0.001 -6"><span class='ocrx_word' id='word_1_250' title='bbox 136 2300 343 2340; x_wconf 87' lang='lat' dir='ltr'>mentariis</span> <span class='ocrx_word' id='word_1_251' title='bbox 391 2298 635 2339; x_wconf 78' lang='lat' dir='ltr'>instruxisse</span> <span class='ocrx_word' id='word_1_252' title='bbox 674 2298 822 2338; x_wconf 88' lang='lat' dir='ltr'>Suidas</span> <span class='ocrx_word' id='word_1_253' title='bbox 867 2299 1005 2346; x_wconf 88' lang='lat' dir='ltr'>docet,</span> <span class='ocrx_word' id='word_1_254' title='bbox 1047 2299 1096 2338; x_wconf 79' lang='lat' dir='ltr'>cs.</span> <span class='ocrx_word' id='word_1_255' title='bbox 1138 2299 1342 2339; x_wconf 85' lang='lat' dir='ltr'>Duehneri</span> <span class='ocrx_word' id='word_1_256' title='bbox 1384 2305 1519 2340; x_wconf 90' lang='lat' dir='ltr'>annot.</span> <span class='ocrx_word' id='word_1_257' title='bbox 1553 2301 1594 2339; x_wconf 89' lang='lat' dir='ltr'>in</span> 
     </span>
     <span class='ocr_line' id='line_1_32' title="bbox 136 2368 1594 2424; baseline -0.001 -11"><span class='ocrx_word' id='word_1_258' title='bbox 136 2372 269 2413; x_wconf 85' lang='lat' dir='ltr'>Schol.</span> <span class='ocrx_word' id='word_1_259' title='bbox 300 2371 383 2412; x_wconf 84' lang='lat' dir='ltr'>Nic.</span> <span class='ocrx_word' id='word_1_260' title='bbox 415 2371 536 2424; x_wconf 84' lang='lat' dir='ltr'>praes.</span> <span class='ocrx_word' id='word_1_261' title='bbox 563 2383 601 2423; x_wconf 89' lang='lat' dir='ltr'>p.</span> <span class='ocrx_word' id='word_1_262' title='bbox 623 2369 688 2411; x_wconf 90' lang='lat' dir='ltr'>ll.</span> <span class='ocrx_word' id='word_1_263' title='bbox 751 2370 888 2424; x_wconf 91' lang='lat' dir='ltr'>Itaque</span> <span class='ocrx_word' id='word_1_264' title='bbox 919 2368 1193 2411; x_wconf 81' lang='lat' dir='ltr'>coniectamus</span> <span class='ocrx_word' id='word_1_265' title='bbox 1218 2384 1238 2409; x_wconf 91' lang='lat' dir='ltr'>a</span> <span class='ocrx_word' id='word_1_266' title='bbox 1273 2370 1482 2423; x_wconf 85' lang='lat' dir='ltr'>Pamphilo</span> <span class='ocrx_word' id='word_1_267' title='bbox 1514 2371 1594 2412; x_wconf 89' lang='lat' dir='ltr'>lle-</span> 
     </span>
     <span class='ocr_line' id='line_1_33' title="bbox 137 2441 1595 2495; baseline -0.003 -11"><span class='ocrx_word' id='word_1_268' title='bbox 137 2452 394 2484; x_wconf 86' lang='lat' dir='ltr'>teroeumena</span> <span class='ocrx_word' id='word_1_269' title='bbox 430 2442 727 2482; x_wconf 86' lang='lat' dir='ltr'>commentariis</span> <span class='ocrx_word' id='word_1_270' title='bbox 767 2442 893 2481; x_wconf 76' lang='lat' dir='ltr'>fuisse</span> <span class='ocrx_word' id='word_1_271' title='bbox 927 2442 1143 2488; x_wconf 79' lang='lat' dir='ltr'>insu-ueta,</span> <span class='ocrx_word' id='word_1_272' title='bbox 1177 2441 1431 2495; x_wconf 72' lang='lat' dir='ltr'>curulemque</span> <span class='ocrx_word' id='word_1_273' title='bbox 1466 2443 1595 2481; x_wconf 83' lang='lat' dir='ltr'>sontes</span> 
     </span>
     <span class='ocr_line' id='line_1_34' title="bbox 139 2511 1596 2568; baseline -0.002 -12"><span class='ocrx_word' id='word_1_274' title='bbox 139 2515 327 2558; x_wconf 79' lang='lat' dir='ltr'>Nicandri</span> <span class='ocrx_word' id='word_1_275' title='bbox 358 2519 396 2556; x_wconf 89' lang='lat' dir='ltr'>et</span> <span class='ocrx_word' id='word_1_276' title='bbox 426 2513 601 2568; x_wconf 87' lang='lat' dir='ltr'>reliquos</span> <span class='ocrx_word' id='word_1_277' title='bbox 633 2512 854 2566; x_wconf 88' lang='lat' dir='ltr'>scriptores</span> <span class='ocrx_word' id='word_1_278' title='bbox 888 2511 1090 2552; x_wconf 85' lang='lat' dir='ltr'>sahulares</span> <span class='ocrx_word' id='word_1_279' title='bbox 1124 2511 1340 2560; x_wconf 82' lang='lat' dir='ltr'>indicasse,</span> <span class='ocrx_word' id='word_1_280' title='bbox 1373 2511 1492 2553; x_wconf 90' lang='lat' dir='ltr'>huius</span> <span class='ocrx_word' id='word_1_281' title='bbox 1525 2526 1596 2553; x_wconf 85' lang='lat' dir='ltr'>au-</span> 
     </span>
     <span class='ocr_line' id='line_1_35' title="bbox 139 2581 1336 2635; baseline -0.005 -8"><span class='ocrx_word' id='word_1_282' title='bbox 139 2594 216 2627; x_wconf 84' lang='lat' dir='ltr'>tem</span> <span class='ocrx_word' id='word_1_283' title='bbox 243 2585 521 2626; x_wconf 84' lang='lat' dir='ltr'>annotationes</span> <span class='ocrx_word' id='word_1_284' title='bbox 550 2584 590 2624; x_wconf 94' lang='lat' dir='ltr'>in</span> <span class='ocrx_word' id='word_1_285' title='bbox 623 2583 822 2624; x_wconf 88' lang='lat' dir='ltr'>lemmatis</span> <span class='ocrx_word' id='word_1_286' title='bbox 854 2582 1042 2635; x_wconf 87' lang='lat' dir='ltr'>posuisse</span> <span class='ocrx_word' id='word_1_287' title='bbox 1078 2581 1336 2622; x_wconf 83' lang='lat' dir='ltr'>Antoninum.</span> 
     </span>
    </p>
   </div>
   <div class='ocr_carea' id='block_1_3' title="bbox 694 2695 1038 2753">
    <p class='ocr_par' dir='ltr' id='par_1_4' title="bbox 694 2695 1038 2753">
     <span class='ocr_line' id='line_1_36' title="bbox 694 2695 1038 2753; baseline -0.009 -11"><span class='ocrx_word' id='word_1_288' title='bbox 694 2695 896 2753; x_wconf 75' lang='lat' dir='ltr'>Caput</span> <span class='ocrx_word' id='word_1_289' title='bbox 929 2696 1038 2743; x_wconf 80' lang='lat' dir='ltr'>XI.</span> 
     </span>
    </p>
   </div>
   <div class='ocr_carea' id='block_1_4' title="bbox 138 2791 1597 2918">
    <p class='ocr_par' dir='ltr' id='par_1_5' title="bbox 138 2791 1597 2918">
     <span class='ocr_line' id='line_1_37' title="bbox 276 2791 1597 2845; baseline -0.002 -11"><span class='ocrx_word' id='word_1_290' title='bbox 276 2794 322 2835; x_wconf 91' lang='lat' dir='ltr'>In</span> <span class='ocrx_word' id='word_1_291' title='bbox 363 2793 626 2835; x_wconf 90' lang='lat' dir='ltr'>recensendis</span> <span class='ocrx_word' id='word_1_292' title='bbox 667 2791 857 2834; x_wconf 84' lang='lat' dir='ltr'>Nicandri</span> <span class='ocrx_word' id='word_1_293' title='bbox 897 2792 1012 2833; x_wconf 84' lang='lat' dir='ltr'>libris</span> <span class='ocrx_word' id='word_1_294' title='bbox 1054 2792 1101 2833; x_wconf 91' lang='lat' dir='ltr'>ad</span> <span class='ocrx_word' id='word_1_295' title='bbox 1146 2806 1213 2833; x_wconf 92' lang='lat' dir='ltr'>eos</span> <span class='ocrx_word' id='word_1_296' title='bbox 1243 2795 1479 2845; x_wconf 83' lang='lat' dir='ltr'>perventum</span> <span class='ocrx_word' id='word_1_297' title='bbox 1525 2798 1597 2838; x_wconf 86' lang='lat' dir='ltr'>est,</span> 
     </span>
     <span class='ocr_line' id='line_1_38' title="bbox 138 2862 1597 2918; baseline -0.002 -15"><span class='ocrx_word' id='word_1_298' title='bbox 138 2879 306 2918; x_wconf 74' lang='lat' dir='ltr'>(piorum</span> <span class='ocrx_word' id='word_1_299' title='bbox 341 2872 621 2918; x_wconf 82' lang='lat' dir='ltr'>argumentum</span> <span class='ocrx_word' id='word_1_300' title='bbox 654 2865 853 2905; x_wconf 87' lang='lat' dir='ltr'>medicum</span> <span class='ocrx_word' id='word_1_301' title='bbox 887 2865 962 2905; x_wconf 87' lang='lat' dir='ltr'>suit</span> <span class='ocrx_word' id='word_1_302' title='bbox 993 2865 1057 2905; x_wconf 91' lang='lat' dir='ltr'>vel</span> <span class='ocrx_word' id='word_1_303' title='bbox 1088 2864 1320 2918; x_wconf 68' lang='lat' dir='ltr'>physicum,</span> <span class='ocrx_word' id='word_1_304' title='bbox 1356 2876 1404 2903; x_wconf 86' lang='lat' dir='ltr'>ex</span> <span class='ocrx_word' id='word_1_305' title='bbox 1430 2862 1597 2903; x_wconf 84' lang='lat' dir='ltr'>historia</span> 
     </span>
    </p>
   </div>
  </div>
 </body>
</html>
