1811 3132
809 152 872 196 29

118 280 321 332 gmcntum
342 272 516 314 servavit
529 271 756 324 Stephanus
787 271 876 324 Byz.
909 284 945 311 v.
975 268 1145 320 ’Ἀθοςε
1171 269 1234 315 Ἀ.
1264 268 1358 326 ὅρος
1393 265 1574 329 Θρᾴκης,

120 345 203 391 ὑπὸ
226 344 365 389 ”Aaou
394 345 601 394 γίγαντος,
630 341 685 391 ὥς
715 339 952 397 Νίκανδρος
982 343 1163 397 πέμπτῳ·
1181 343 1251 397 τῆς
1281 340 1546 395 Εὐρωπείας·

202 415 291 457 Καί
317 428 380 461 τις
405 407 535 453 ”Λθω
565 407 689 454 τόσον
719 404 826 465 ὕψος
857 408 956 457 ἰδών
986 408 1166 466 Θρήικος
1194 408 1262 453 ὑπ’
1291 408 1462 464 ἄστροις

205 479 345 525 ἔκλυεν
374 477 631 532 αὖδηθέντος
660 477 871 534 ἀμετρήτῳ
900 479 967 522 ἐπὶ
993 478 1130 542 λίμνῃ,

205 544 308 593 ὅσσα
336 545 495 599 νάπους
525 552 699 604 χείρεσσι
717 546 816 603 ’δύω
843 548 1035 602 ῥίπτασκε
1063 548 1243 605 βέλεμνα

202 615 407 676 ἠλιβάτου
436 618 719 673 προθέλυμνα
751 616 1048 675 Καναστραίης
1076 617 1211 672 πάρος
1242 615 1379 675 ἄκρης.

118 688 356 733 Emendavit
377 688 632 730 Hermannus
652 689 693 730 in
715 689 901 743 Sophocl.
926 690 1113 730 Trachin.
1133 688 1233 738 436,
1266 702 1368 742 quae
1390 689 1432 732 in
1462 689 1576 731 codd.

119 762 319 813 leguntur,
342 757 393 802 οὗ
412 757 464 814 δὴ
481 760 645 810 θέντος,
665 758 750 802 ὑπὸ
768 759 903 816 λίμνη,
922 757 966 807 ὃς
978 757 1176 801 ‹za-anoth.
1238 759 1367 800 Porro
1384 757 1578 815 ῥίπτασκε

116 828 328 884 proposuit
356 828 608 877 Meinekius3
652 826 780 884 ἄκρης
818 829 1053 869 Holstenius
1086 828 1221 875 dedit,
1264 841 1339 881 pro
1371 841 1451 883 quo
1481 828 1575 870 libri

117 911 327 954 perperam
360 895 486 951 ἀκτῆς
515 897 688 947 habent3
718 899 767 939 cf.
798 898 926 951 Apoll.
949 899 1076 940 Rhod.
1105 898 1136 947 1,
1169 897 1266 939 599.
1295 899 1433 942 κλίτεα
1456 896 1578 941 Παλ-

118 964 279 1024 λήνεια,
314 964 620 1022 Καναστραίην
663 965 768 1020 ὑπὲρ
798 964 937 1022 ἄκρην.
997 967 1144 1009 Herod.
1178 967 1258 1017 Vll,
1294 965 1397 1008 123:
1429 964 1579 1010 Κανά-

122 1050 292 1089 στραιον
323 1051 467 1090 ακρην.

258 1104 411 1154 Quodsi
442 1104 642 1145 Nicander
674 1103 871 1145 Thraciae
910 1104 1101 1157 quasdam
1129 1110 1172 1145 ut
1203 1105 1361 1145 videtur
1389 1104 1577 1156 regiones

120 1172 637 1226 in-Europia‘descripsit‚
685 1174 764 1214 huc
801 1174 972 1215 fortasse
1012 1174 1156 1214 referri
1194 1174 1345 1226 poterit
1375 1174 1579 1226 fragmen-

123 1248 204 1283 tum
233 1256 255 1284 e
287 1243 420 1284 Schol.
452 1244 569 1284 Ther.
604 1242 714 1284 460:
743 1244 837 1300 (τῆς
865 1241 911 1287 δὲ
936 1238 1095 1299 Ζώνης)
1124 1245 1325 1298 μέμνηται
1353 1244 1423 1285 καὶ
1453 1240 1580 1290 αὐτὸς

120 1310 142 1355 ὁ
177 1310 414 1368 Νίκανδρος
441 1312 652 1370 ἀλλαχοῦ·

316 1381 406 1425 Καὶ
431 1381 506 1435 μὲν
530 1379 614 1425 ὑπὸ
646 1385 832 1425 Ζωναῖον
862 1378 957 1439 ὅρος
987 1377 1104 1436 δρύες
1129 1380 1236 1435 ἀμφί
1266 1397 1308 1424 τε
1336 1378 1460 1437 φηγοὶ

315 1447 453 1504 ῥιζόθι
484 1449 737 1506 δινήθησαν,
770 1448 999 1506 ἀνέστησάν
1029 1467 1072 1494 τε
1100 1454 1263 1507 χορείαν

316 1519 388 1565 οἷὰ
417 1537 460 1564 τε
490 1525 754 1575 παρθενικαί.

120 1591 187 1631 ubi
213 1592 435 1646 ἐνέστησαν
460 1591 599 1631 maluit
624 1591 860 1631 Schneider.
921 1590 1106 1631 Eundem
1139 1591 1272 1631 locum
1295 1590 1428 1631 Schol.
1450 1589 1577 1641 Apoll.

118 1658 246 1699 Rhod.
276 1659 313 1707 1,
346 1657 401 1699 29
432 1658 632 1712 respexit:
666 1653 784 1714 Ζώνη
823 1660 1013 1703 ἐνταῦθα
1056 1655 1150 1712 ὅρος
1194 1657 1265 1701 καὶ
1305 1654 1430 1707 τόπος
1471 1650 1578 1700 οὕτω

119 1724 367 1780 καλούμενος
393 1728 436 1769 ἐν
462 1724 603 1788 Θρᾴκῃ
618 1743 628 1752 ·
655 1727 728 1769 καὶ
747 1724 869 1775 πόλις
896 1724 1111 1780 ὁμώνυμος
1135 1719 1189 1776 ὥς
1208 1741 1311 1781 φησι
1330 1722 1576 1777 Νίκανδρος.

693 1842 895 1900 Caput
924 1841 1002 1886 X.

257 1932 596 1973 venustissimum
628 1932 718 1973 siue
750 1932 872 1972 dubio
898 1937 1064 1985 propter
1095 1931 1226 1984 ipsius
1257 1931 1481 1984 argumenti
1505 1944 1577 1972 na-

119 2007 248 2042 turam
278 2006 317 2042 et
347 2001 625 2043 doctissimum
647 2002 838 2043 Nicandri
871 2014 1032 2042 carmen
1051 1998 1364 2057 Ἑτεροιούμενα
1387 2015 1460 2042 seu
1485 2002 1577 2042 Me-

119 2071 493 2124 tamorphoses
535 2073 716 2122 fuerunt,
758 2085 926 2126 quarum
958 2072 1081 2113 Suida
1125 2077 1288 2113 auctore
1320 2072 1496 2126 quinque
1526 2073 1577 2113 li-

120 2140 215 2181 bros
264 2141 450 2194 scripsit3
522 2147 709 2195 quattuor
757 2147 891 2183 tamen
940 2141 1087 2194 reliqui
1135 2140 1298 2181 laudant
1341 2140 1577 2193 scriptores.

119 2209 246 2251 Huius
277 2216 410 2252 autem
442 2211 663 2265 fragmenta
695 2212 793 2253 satis
822 2212 943 2253 multa
973 2217 1202 2266 supersunt,
1233 2211 1268 2253 si
1302 2211 1468 2266 quidem
1497 2211 1575 2252 fra-

121 2285 281 2331 gmenta
308 2281 401 2322 licet
432 2295 498 2323 eas
518 2283 769 2324 narrationes
793 2283 1008 2337 appellare,
1043 2297 1142 2337 quas
1170 2289 1299 2324 metro
1320 2283 1474 2324 solutas
1495 2284 1578 2323 An-

120 2352 284 2394 toninus
302 2354 501 2396 Liberalis
522 2355 671 2409 aliique
693 2355 886 2398 Nicandri
911 2355 1076 2396 nomine
1107 2354 1224 2395 nohis
1256 2359 1576 2407 proposuerunt:

122 2423 269 2475 quihus
301 2425 342 2465 in
377 2438 498 2467 unum
531 2427 711 2468 collectis
745 2433 784 2468 et
811 2434 996 2468 accurate
1029 2428 1238 2468 illustratis
1268 2427 1396 2478 magis
1428 2426 1479 2466 de
1511 2439 1577 2466 ar-

121 2499 310 2545 gumento
351 2495 444 2536 libri
481 2501 518 2536 et
556 2497 780 2537 fabularum
806 2510 905 2550 quas
932 2497 1135 2538 Nicander
1163 2495 1339 2537 narravit
1368 2495 1576 2536 recondita

119 2568 259 2610 natura
299 2563 515 2604 edocemur
561 2577 677 2617 quam
721 2564 769 2604 de
808 2564 1000 2604 interiore
1048 2564 1238 2604 carminis
1283 2562 1577 2616 compositione

121 2637 159 2671 et
188 2637 285 2673 arte.
349 2633 507 2686 Integra
546 2635 653 2675 enim
684 2634 874 2675 Nicandri
909 2634 1033 2675 verba
1063 2647 1190 2686 pauca
1220 2638 1374 2674 tantum
1406 2638 1575 2673 aetatem

120 2702 308 2743 tulerunt.
369 2703 551 2745 Primum
578 2717 673 2745 vero
707 2704 984 2758 quaerendum
1006 2708 1079 2750 est,
1114 2708 1247 2744 utrum
1270 2702 1459 2743 continuo
1481 2713 1575 2741 nar-

118 2771 286 2814 rationis
318 2772 400 2813 filio
433 2773 671 2815 Ovidianum
699 2773 739 2814 in
770 2773 931 2814 modum
962 2772 1163 2813 Nicander
1190 2784 1284 2813 suas
1326 2771 1577 2812 contexuerit

119 2840 287 2890 fabulas,
318 2853 369 2883 an
400 2842 573 2886 seorsim
601 2842 782 2898 singulas
815 2832 1048 2899 exposuerit
1077 2854 1123 2884 ac
1153 2841 1262 2882 nullo
1290 2839 1451 2884 vinculo
1483 2840 1574 2885 iun-
