1811 3132
897 115 955 158 34

192 253 356 282 sorores
398 240 492 281 ssetu
534 242 706 279 mutatas
748 236 792 277 in
821 235 986 277 arbores
1026 235 1222 288 populos,
1255 235 1434 277 lacrimis
1467 236 1662 278 electrum

192 313 382 354 omnibus
410 311 527 352 annis
561 309 733 351 sundere
760 308 866 348 iuxta
898 306 1118 348 Eridanum
1151 319 1325 356 amnem,
1357 320 1477 362 quom
1507 308 1662 349 Padum

191 390 348 433 vocant,
384 388 423 423 et
454 382 647 423 electrum
681 379 937 433 appellatum,
969 379 1159 432 quoniam
1182 378 1250 419 Sol
1280 380 1475 421 vocitatus
1495 379 1548 419 sit
1581 379 1664 420 ele-

195 462 295 504 ctor,
326 453 492 507 plurimi
524 457 668 506 poetae
700 450 853 498 dixere,
884 449 1102 504 primique,
1134 455 1177 490 ut
1204 449 1394 498 arbitror,
1427 449 1662 504 Aeschylus,

193 526 457 573 Philoxenus,
490 523 704 571 Nicander,
736 521 953 574 Euripides
986 521 1106 560 rell.“
1169 520 1241 560 His
1274 521 1442 561 accedat

334 596 381 646 3)
412 594 572 635 Probus
605 594 644 634 in
679 591 985 634 commentariis
1016 592 1064 631 ad
1092 592 1239 644 Vergil.
1259 604 1298 645 p.
1318 590 1462 641 44‚-15
1484 592 1546 633 ed.
1564 591 1663 633 Keil.

193 680 215 708 a
248 679 326 721 quo
356 665 553 718 Pompon.
587 663 763 704 Sabinus
796 662 836 703 in
869 661 977 714 Virg.
1012 662 1157 714 Georg.
1193 661 1222 711 1,
1256 662 1354 703 399.
1388 675 1426 715 p.
1456 661 1536 704 102
1568 676 1664 716 pro-

195 739 367 779 fecerat:
402 735 547 785 „Varia
580 740 641 775 cst
669 734 810 786 opinio
841 733 981 773 haruin
1014 733 1225 773 volucrum
1257 733 1508 785 (alcyonum)
1541 733 1667 786 origi-

195 809 273 848 nis.
335 806 474 859 Itaque
517 805 557 844 in
598 804 719 844 altera
752 803 936 855 sequitur
963 802 1131 842 Ovidius
1173 802 1418 842 Nicandrum
1459 801 1500 841 in
1540 801 1664 841 altera

198 876 470 917 Theodorum.
532 875 700 915 Putatur
733 873 839 914 enim
884 873 1003 926 Ceyx,
1038 872 1215 913 Luciferi
1245 872 1366 922 filius,
1400 884 1490 914 cum
1523 871 1667 925 Alcyo-

196 960 262 995 ne,
295 946 408 987 Aeoli
438 946 532 994 filia,
564 949 740 985 mutatus
776 945 817 984 in
857 944 928 984 lias
970 944 1166 985 volucres.
1227 944 1339 985 Idem
1374 944 1500 984 refert
1531 943 1665 984 Aleio-

197 1029 305 1066 nem,
340 1016 523 1058 Scironis
554 1015 698 1065 liliam,
741 1015 907 1057 latronis
940 1015 1082 1065 Attici,
1116 1015 1402 1069 Polypemonis
1434 1015 1528 1064 filii,
1577 1028 1667 1056 cum

196 1094 313 1141 pater
345 1088 381 1128 ei
413 1088 690 1140 praeciperet,
732 1093 775 1128 ut
803 1093 1017 1140 quaereret
1048 1087 1257 1136 maritum,
1304 1087 1533 1128 arbitratam
1576 1099 1669 1139 pcr-

198 1158 370 1197 missum
402 1157 483 1197 sibi
517 1161 558 1197 ut
588 1155 877 1196 concumberet
908 1169 997 1196 cum
1031 1154 1179 1209 quibus
1210 1155 1346 1200 vellet,
1379 1155 1428 1195 ab
1461 1155 1562 1195 irato
1598 1168 1668 1207 pa-

201 1233 262 1266 tre
304 1226 500 1266 deiectam
542 1226 582 1266 in
624 1239 757 1274 marc,
792 1231 980 1266 mutatam
1014 1226 1054 1265 in
1095 1226 1197 1266 lianc
1230 1226 1485 1266 volucrem.“
1553 1226 1670 1266 Prio-

199 1309 288 1336 rem
319 1295 495 1337 sabulam
529 1296 700 1337 Ovidius
730 1296 889 1337 Metam.
924 1296 949 1337 l.
973 1296 1027 1337 XI
1046 1296 1211 1337 altcram
1244 1296 1269 1337 l.
1308 1297 1378 1338 vn
1406 1302 1570 1338 secutus
1595 1302 1668 1337 cst.

200 1366 296 1406 Utra
339 1365 461 1405 suerit
500 1364 725 1405 Nicandrca
773 1379 794 1406 e
834 1365 959 1406 Probi
1001 1365 1135 1407 verbis
1169 1371 1306 1418 aperte
1339 1378 1419 1406 non
1460 1378 1669 1419 assequor.

201 1435 283 1475 Sed
324 1435 471 1488 opinor
511 1434 754 1483 secundam,
797 1439 934 1487 utpote
980 1435 1218 1476 doctiorem.
1282 1435 1338 1475 Cs.
1382 1440 1515 1475 tamen
1546 1434 1669 1476 Nack.

204 1506 352 1558 Opusc.
385 1504 437 1553 ΙΙ,
470 1517 510 1557 p.
546 1504 628 1545 193
662 1518 750 1558 sqq.

342 1576 430 1616 Alia
468 1577 687 1627 fragmenta
735 1588 816 1615 non
850 1575 1012 1624 inveni,
1057 1589 1149 1617 nam
1188 1589 1356 1629 prorsus
1398 1577 1531 1629 inepta
1564 1583 1670 1626 sunt,

203 1660 305 1701 quae
341 1647 383 1687 in
414 1646 591 1686 Scholiis
624 1646 738 1686 ovid.
757 1645 815 1687 lb.
834 1645 919 1685 473
935 1659 973 1698 p.
997 1645 1084 1686 469
1106 1653 1205 1688 extr.
1222 1648 1346 1688 Merk.
1368 1661 1388 1688 a
1412 1648 1538 1689 sciolo
1572 1662 1672 1702 quo-

207 1718 297 1757 dam
339 1728 415 1755 nec
458 1715 619 1755 inficeto
661 1714 783 1754 medii
823 1715 909 1754 aevi
955 1715 1174 1768 impostore
1227 1717 1470 1770 conscriptis
1514 1724 1671 1759 extant:

205 1785 438 1835 „Nicander
468 1784 567 1824 dicit
587 1784 767 1824 Macelon
796 1784 917 1824 liliam
941 1784 1132 1826 Damonis
1165 1799 1254 1826 cum
1288 1787 1499 1828 sororibus
1534 1789 1672 1832 suissc.

203 1857 354 1896 llaruni
388 1853 565 1906 hospitio
588 1854 743 1905 Iupiter
767 1860 993 1906 susceptus,
1028 1868 1119 1895 cum
1144 1856 1381 1906 Thelonios,
1415 1871 1583 1910 quorum
1607 1859 1673 1899 liic

203 1926 329 1967 namo
362 1924 553 1978 princeps
586 1929 683 1972 erat,
716 1931 1022 1977 corrumpentes
1054 1926 1221 1966 venenis
1254 1941 1471 1970 successus
1493 1929 1673 1971 omnium

206 1999 408 2038 fructuum
442 1995 611 2036 fulmine
644 1995 903 2043 interficeret,
940 1996 1113 2036 servavit
1147 2010 1231 2039 eos.
1294 1999 1373 2039 Sed
1401 2000 1550 2041 Macelo
1583 2014 1672 2042 cuin

205 2068 292 2108 viro
332 2071 500 2120 propter
541 2066 617 2106 viri
659 2065 880 2119 nequitiam
919 2066 1052 2119 periit.
1114 2068 1174 2107 Ad
1218 2068 1316 2109 alius
1359 2083 1456 2110 vero
1497 2075 1674 2112 servatas

208 2151 298 2178 cum
331 2137 512 2177 venisset
539 2136 695 2186 Minos,
730 2150 819 2176 cum
851 2137 1071 2177 Dositlionc
1107 2139 1337 2188 concubuit,
1369 2153 1416 2179 cx
1448 2153 1524 2193 qua
1557 2154 1673 2180 crea-

207 2208 264 2247 vit
288 2206 540 2254 Eusantium,
574 2205 681 2246 unde
705 2205 923 2247 Eusantiac
957 2206 1162 2248 suerunt.“
1224 2206 1304 2248 Ista
1337 2221 1417 2249 non
1451 2210 1581 2262 magis
1604 2208 1674 2249 Ni-

209 2278 405 2319 candrum
437 2289 624 2318 narrasse
650 2290 892 2330 persuasum
925 2283 1000 2325 est,
1034 2291 1150 2330 quam
1182 2279 1438 2331 Propertium
1478 2281 1676 2321 cecinisse

208 2347 448 2396 versiculos,
483 2360 585 2401 quos
609 2348 728 2388 bomo
762 2347 1039 2402 nequissimus
1072 2348 1108 2389 ei
1139 2348 1293 2390 trilniit.
1355 2349 1506 2391 Errore
1529 2351 1676 2392 sactum

211 2428 254 2462 ut
275 2421 404 2472 Etym.
438 2420 489 2460 M.
512 2434 546 2460 v,
577 2417 849 2469 Ἀσπάλαθος
883 2427 920 2460 et
953 2421 1128 2462 Zonaras
1159 2421 1289 2462 lcxico
1324 2435 1372 2462 ex
1404 2422 1536 2463 Ileter.
1570 2423 1675 2463 libro

212 2497 354 2547 quarto
386 2490 609 2540 laudarent,

352 2563 395 2604 ἐν
426 2560 503 2618 γὰρ
532 2559 620 2616 ὄρει
654 2558 804 2616 ράμιόι
844 2579 886 2605 τε
919 2563 988 2605 καὶ
1019 2560 1269 2606 ἇσπᾶλαθοι
1298 2565 1533 2618 κομέονται,

212 2646 313 2688 quae
357 2632 567 2673 Theocriti
613 2637 706 2674 sunt
746 2631 818 2681 lv,
853 2630 930 2683 57,
962 2645 1039 2674 nec
1072 2632 1274 2675 debebant
1304 2647 1325 2674 a
1357 2633 1608 2676 Schneidcro
1640 2641 1678 2676 ct

210 2703 381 2744 chrsio
415 2703 522 2743 inter
549 2702 770 2754 fragmenta
797 2701 988 2743 Nicandri
1022 2702 1225 2743 collocari.

350 2773 596 2815 Nicandrum
616 2772 737 2826 igitur
765 2786 846 2814 non
871 2773 1057 2814 ultimum
1088 2775 1240 2815 sontem
1263 2774 1393 2815 Ovidii
1410 2774 1450 2815 in
1466 2773 1679 2816 Metamor-

209 2845 407 2898 pliosibus
434 2845 559 2887 suissc
589 2857 679 2886 cum
694 2851 874 2897 apertum
909 2850 984 2895 cst,
1020 2850 1102 2886 tum
1131 2850 1308 2885 veterum
1327 2845 1678 2896 grammaticorum
